2806 5324
676 351 728 424 ssb

187 541 238 605 Ac
259 539 408 627 meando,
426 539 451 604 si
469 557 572 604 verum
591 547 666 602 esset
684 538 713 602 in
732 538 853 604 civitate
873 539 971 606 sarias
990 548 1150 623 potestates
1165 543 1241 609 exis·

138 666 210 720 tere
234 677 254 718 a
273 655 451 719 seinvicem
471 654 550 718 omni
570 653 659 715 modo
681 653 803 726 liberas,
823 654 913 737 quid.
934 675 1062 738 quaeso,
1084 657 1239 740 impediet,

140 769 308 854 quominus
325 788 388 831 una
403 766 513 832 barum
532 774 714 849 potestatum
731 766 787 830 sibi
807 778 923 848 arroget
951 771 1159 835 auctoritatem
1185 772 1240 856 ipsi

142 904 206 945 nou
226 880 393 966 propriam,
413 901 474 965 qrra
491 880 623 963 reliquas
641 887 801 961 potestates
825 881 872 945 vet
888 882 1034 964 opprimat
1055 885 1102 948 vel
1124 886 1241 969 penitus
1261 916 1320 961 aas.

134 995 295 1059 enervet?
318 994 394 1073 Quis
413 995 468 1057 crit
487 992 579 1072 judex
598 992 661 1055 sive
681 991 810 1064 arbiter,
835 994 888 1058 ubi
915 994 1039 1058 tortasse
1067 999 1242 1062 contestatio
1257 970 1283 991 Ἣ

102 1120 104 1124 ’
144 1106 227 1169 inter
244 1105 322 1171 banc
338 1106 482 1192 illamque
504 1114 679 1191 potestatem
696 1114 761 1169 orta
782 1092 895 1172 fueriti
927 1107 1083 1187 Quomodo
1100 1107 1240 1176 effectum

144 1218 320 1293 sortientur,
349 1241 426 1305 quae
448 1242 478 1287 v.
499 1241 526 1285 c.
548 1239 567 1282 a
588 1227 733 1302 potestate
756 1219 924 1300 legislativa
945 1220 1103 1298 jubentur,
1122 1225 1147 1287 si
1172 1245 1240 1289 exe·

146 1333 252 1403 cutiua
268 1342 399 1417 potestas
416 1353 451 1396 ea
470 1332 590 1416 exsequi
606 1333 816 1418 recusaverit?
839 1333 985 1399 Pendebit
1004 1337 1094 1418 igitur
1111 1339 1241 1405 civitatis
1306 1417 1310 1426 ¹

145 1449 230 1511 salus
249 1468 266 1511 a
287 1448 473 1513 diversarum
490 1456 670 1532 potestatum
688 1448 860 1521 concordia,
878 1450 948 1512 etsi
966 1471 1025 1514 uon
1042 1452 1100 1515 siut
1117 1475 1240 1519 concor·

145 1565 217 1636 des,
236 1563 312 1628 mira
333 1562 402 1627 iude
421 1571 559 1626 nascetur
576 1580 674 1625 rerum
692 1561 826 1626 confusio
846 1572 876 1626 et
893 1564 1085 1647 perturbatio.
1111 1567 1242 1634 Consen-

145 1679 194 1742 sio
212 1698 283 1744 vero
301 1678 359 1742 ista
377 1697 416 1744 ne
432 1675 543 1760 sperari
564 1675 684 1761 quidem
704 1686 817 1762 potest.
838 1678 889 1743 sed
909 1660 1014 1746 revera
1034 1700 1171 1765 quaeque
1189 1703 1241 1768 po·

100 1790 103 1794 ’
147 1801 299 1865 testam
326 1790 451 1855 caeteris
472 1790 639 1870 disiuncta,
663 1789 723 1856 vim
750 1813 835 1856 suam
862 1813 970 1876 augere
996 1797 1168 1866 conabitur.
1198 1799 1242 1864 ita

146 1915 183 1970 ut
200 1906 281 1968 inter⁴
296 1904 428 1970 diversas
445 1914 604 1990 potestates
620 1926 719 1988 pugna
737 1906 915 1992 sempiterna
930 1909 1055 1985 existat,
1072 1911 1165 1977 donec
1182 1932 1243 1978 una

147 2042 255 2087 earum
272 2036 359 2086 omne
377 2019 536 2104 Imperium
559 2020 756 2104 usurpaverit.
1019 2026 1022 2031 ’

197 2135 235 2200 Et
251 2136 339 2201 tertio
359 2133 496 2206 tandem,
518 2154 586 2198 cum
604 2156 746 2197 summum
762 2153 825 2198 esse
843 2134 952 2198 debeat
971 2137 1181 2222 quodcumque
1198 2138 1245 2218 ius

149 2249 292 2334 Imperii,
314 2247 403 2323 binc,
422 2247 447 2312 si
465 2248 588 2313 diversis
610 2249 740 2333 personis
759 2248 875 2313 diversa
893 2249 1011 2334 Imperii
1037 2249 1104 2328 jura
1123 2251 1244 2318 seorsim
1345 2310 1349 2319 .

149 2364 344 2437 tribuantur,
375 2370 540 2427 monstrum
574 2362 704 2427 exoritur
726 2365 962 2446 vvrornnccipuuon,
996 2372 1086 2447 atque
1116 2365 1248 2430 civitatis

149 2477 235 2543 notio
256 2477 343 2562 plane
361 2475 503 2541 absurda.
525 2473 707 2557 Legisiativa
728 2479 808 2543 enim
832 2488 960 2563 potestas
985 2479 1071 2543 teret
1086 2479 1165 2560 leges
1192 2501 1246 2565 pro

150 2611 208 2655 suo
225 2587 366 2660 arbitrio:
383 2607 435 2651 cas
451 2607 522 2652 vero
538 2589 694 2653 executiva
709 2600 838 2673 potestas
857 2613 909 2674 pro
929 2612 982 2654 suo
998 2591 1104 2656 iterum
1123 2593 1247 2658 arbitrio

150 2712 350 2788 exsequetur,
368 2701 406 2766 de
424 2701 512 2769 modo
527 2703 708 2768 executionis
723 2705 797 2770 nulii
814 2705 944 2770 rationes
963 2706 1245 2790 redderessobtigats.

151 2817 235 2882 Hiuc
252 2825 381 2902 potestas
399 2814 565 2898 legislativa
585 2816 665 2880 omui
686 2818 864 2882 auctoritate
887 2819 1082 2894 destituetur,
1099 2840 1160 2905 qua
1180 2838 1247 2906 pos-

119 2940 121 2943 ’
151 2933 193 2997 sit
228 2951 349 3007 curare,
373 2939 418 2997 ⁴ut
444 2930 524 3012 leges
558 2951 631 2995 suae
659 2931 798 2997 effectum
828 2932 1004 3005 obtineant,
1036 2943 1127 3019 atque
1154 2937 1261 3003 omnis
1318 2912 1321 2919 Ι

151 3037 294 3132 suprema
318 3055 448 3130 potestas
475 3044 530 3110 erit
554 3065 646 3133 penes
671 3042 759 3121 cum,
786 3046 839 3131 qui
863 3047 942 3128 leges
965 3057 1157 3130 exsequetur,
1181 3069 1250 3114 cum

152 3170 275 3234 tamer,
296 3159 339 3224 uti
354 3181 443 3245 supra
460 3158 700 3234 observavimus,
719 3160 768 3224 cui
786 3160 834 3238 jus
853 3161 951 3242 legum
970 3159 1159 3225 serendarum
1178 3183 1250 3227 con·

152 3274 294 3354 ceditur,
315 3274 344 3338 ei
364 3284 416 3339 ant
435 3274 562 3339 ridicula
581 3273 912 3357 provinciamaudctur
935 3284 986 3339 aut
1006 3294 1110 3340 revera
1130 3276 1169 3340 ad
1190 3275 1250 3340 ba·
1275 3340 1276 3343 ,

153 3387 272 3474 perium
290 3389 409 3462 admitti
428 3388 547 3455 debeat.
615 3452 618 3458 ,
724 3452 726 3457 ,
1046 3475 1048 3480 Δ

201 3502 316 3581 Quodsi
336 3503 427 3584 igitur
446 3503 583 3574 diversae
601 3501 898 3585 Imperiipntestates
920 3523 938 3565 a
959 3523 991 3567 se
1009 3500 1147 3580 invicem*
1162 3524 1252 3589 sepa·

155 3627 243 3683 ratae
261 3617 389 3690 fuerint,
410 3617 507 3700 plures
522 3623 609 3681 eruut
627 3613 660 3682 in
678 3614 801 3679 civitate
813 3617 960 3696 tyranni,
977 3636 1103 3701 quorum
1125 3619 1252 3703 quisque

156 3751 278 3796 omnem
297 3730 504 3797 anctoritatem
526 3727 583 3801 sibi
603 3748 742 3808 arrogare
769 3728 833 3792 sine
853 3725 944 3792 dubio
965 3732 1141 3805 conabiturc
1159 3753 1256 3815 neque

156 3840 419 3933 amplius'civitas
443 3865 501 3909 uuo
521 3842 648 3926 imperio
667 3841 832 3922 gaudebit,
851 3841 904 3906 sed
931 3846 1087 3929 multiplici
1106 3854 1257 3928 premetur

155 3962 313 4026 servitute.
337 3958 423 4025 Adeo
442 3966 475 4022 ut
491 3978 553 4021 >nou
573 3957 736 4036 incongrue
754 3977 872 4020 sarran
895 3955 962 4041 (l),
986 3959 1038 4021 ubi
1057 3959 1201 4022 acerrime
1224 3959 1258 4022 iu
1346 4020 1348 4024 ,

156 4075 241 4140 banc
264 4081 443 4158 potestatum
465 4070 598 4138 civilium
620 4050 698 4132 inter
716 4047 814 4152 plures
840 4088 980 4151 personas
1007 4080 1058 4135 aut
1083 4072 1258 4155 plnracom

155 4209 234 4274 pora
269 4186 509 4252 distributionem
544 4181 715 4257 invehitur,
748 4201 815 4247 cam
846 4181 1001 4249 inventum
1036 4197 1187 4272 nuncupet
1222 4209 1258 4257 er

178 4319 228 4394 (t)
248 4328 388 4379 Huodbucb
405 4328 448 4378 der
464 4327 627 4392 olipameiucn
646 4322 834 4374 ssaauotnnuo
847 4339 873 4389 p.
889 4320 937 4373 275
953 4325 1024 4383 brim,
1041 4327 1082 4377 27.

600 4434 604 4449 '
1152 4425 1173 4487 9

1185 4720 1188 4729 ’
1257 4840 1400 4992 Α
