2806 5324
638 333 733 472 1115
780 331 828 482 ,’

189 577 351 645 Praeterea
367 590 470 647 notatu
489 584 612 666 dignum
631 595 694 659 est,
719 586 797 671 ipsos
806 595 958 656 auctores,
970 585 1020 668 qui
1031 584 1242 650 cruoruuVll

145 696 259 761 trihuta
277 698 404 782 popnlo,
429 720 488 762 non
504 700 720 765 interveniente
734 719 879 764 consensu
896 700 1052 773 ordinum,
1072 697 1245 782 imposuisse

145 822 309 887 accusant,
331 813 419 876 simul
446 821 545 878 tamen
573 812 682 889 fateri,
706 837 775 880 curn
793 816 850 880 hoc
869 814 965 898 magis
981 812 1090 877 astutia
1111 812 1244 896 quadam

143 947 234 1012 quam
262 927 292 991 vi
315 924 440 999 fecisse,
463 929 540 992 adeo
555 939 608 1004 ut,
633 931 657 994 si
680 950 739 996 non
760 931 892 1012 legitimo
911 937 1011 992 tamen
1032 925 1135 1010 aliquo
1154 921 1253 991 modo

143 1041 283 1105 universa
307 1060 379 1122 gens
407 1042 438 1106 in
456 1062 492 1106 ea
512 1064 688 1109 consensum
704 1045 840 1111 dederit:
864 1065 878 1103 s
891 1045 934 1109 les
950 1042 1062 1125 grands
1078 1044 1122 1123 s’y
1142 1043 1243 1127 preth.-

144 1151 209 1218 ient
227 1175 282 1242 par
297 1154 429 1232 iutertt,
453 1167 483 1222 et
493 1160 520 1223 le
529 1162 657 1246 peuplc,
681 1162 880 1243 ydonuaune
890 1168 968 1224 sorte
977 1155 1194 1222 d'occordonce
1206 1207 1214 1235 ,
1228 1184 1246 1224 o

144 1270 282 1337 observat
299 1292 440 1356 uuonunr
458 1273 470 1358 (
476 1273 518 1358 1).
887 1255 891 1269 ⁸

185 1384 266 1465 Ergo
292 1406 429 1451 unrocus
447 1388 522 1465 vll,
551 1389 618 1453 licet
646 1368 745 1454 forsan
763 1387 794 1452 in
814 1386 965 1469 exigendis
984 1384 1103 1450 tributis
1125 1386 1242 1451 artibus

144 1496 325 1582 quibusdam
352 1520 423 1565 usus
451 1503 541 1567 fuerit
562 1514 595 1568 ut
613 1503 670 1568 sihi
689 1478 807 1566 facilins
825 1501 963 1566 ordinum
982 1520 1157 1565 consensum
1174 1517 1246 1565 cou-

144 1615 280 1691 ciliaret,
302 1635 406 1682 revera
423 1626 524 1681 tamen
545 1619 639 1701 legem
659 1616 916 1681 fundamentalem
935 1614 1146 1687 monarchiae,
1167 1635 1245 1700 quae

143 1731 323 1795 tributorum
343 1732 555 1815 erigendorum
576 1735 699 1798 modum
720 1733 913 1819 praescrihit,
937 1733 1083 1814 integram
1104 1732 1246 1798 servarit.

141 1844 297 1911 Audacior
314 1865 385 1912 vero
405 1847 462 1913 fnit
483 1849 548 1927 eius
567 1869 719 1914 successor
736 1830 908 1913 ro'oovreus
927 1847 973 1911 Xl
992 1844 1126 1931 (1461),
1152 1865 1248 1932 neque
1277 1906 1281 1913 ,
1341 1884 1345 1893 ·

141 1961 270 2026 dubium
297 1970 361 2039 est,
387 1983 458 2028 eum
486 1964 550 2029 sine
577 1984 722 2028 consensu
748 1961 897 2028 Ordiuum
919 1960 1117 2027 Generalium-
1133 1963 1247 2027 tributa

138 2076 251 2162 populo
273 2075 463 2159 imposuisse,
490 2075 561 2160 quin
580 2095 649 2140 eum
670 2094 774 2138 omnes
791 2073 923 2137 historici
942 2074 1092 2140 communi
1113 2074 1245 2139 testimo·

139 2191 191 2255 uio
219 2210 304 2254 reum
331 2189 457 2254 faciunt.
489 2187 531 2253 At
556 2189 581 2253 si
598 2189 803 2267 consideretur
824 2209 1005 2252 ruoorreou
1025 2187 1090 2262 Xl,
1112 2188 1247 2273 quandiu

141 2305 298 2387 regnarit,
329 2303 372 2367 ita
400 2304 528 2388 Imperio
558 2305 684 2370 abusum
706 2303 815 2378 fnisse,
842 2312 876 2367 ut
893 2304 971 2365 inter
987 2299 1080 2385 honos
1098 2301 1245 2386 principes

140 2440 200 2484 non
218 2438 280 2481 nno
296 2418 417 2483 nomine
435 2420 643 2484 connumerari
662 2419 768 2503 possit,
785 2440 844 2482 non
859 2418 969 2483 mirum
989 2414 1155 2487 videbitur,
1176 2434 1246 2478 euru

140 2553 258 2618 quoque
278 2533 308 2596 in
326 2533 446 2598 tributis
464 2532 615 2614 erigendis
634 2531 875 2597 fundamentales
894 2528 1086 2594 monarchiae
1107 2525 1244 2609 legesni·

139 2641 183 2706 hil
215 2663 357 2718 curasse,
382 2616 491 2727 easqde
517 2641 643 2726 turpiter
663 2641 825 2704 transiisse.
848 2640 979 2724 Sedqui
1003 2639 1046 2703 ita
1064 2639 1242 2725 imperavit,

141 2767 174 2822 ut
199 2759 249 2824 vir
279 2758 392 2845 aliquid
420 2757 544 2830 fecerit,
576 2755 655 2841 quod
681 2755 794 2818 imitari
814 2764 934 2838 possent
953 2753 1018 2834 ejus
1037 2774 1241 2829 successores,

142 2874 257 2958 quique
280 2873 410 2938 salntem
440 2871 540 2957 popull
568 2872 609 2935 ita
628 2867 775 2952 neglexit,
805 2879 839 2934 ut
859 2877 925 2946 orta
944 2869 1087 2954 adversus
1106 2886 1176 2930 eum
1196 2887 1244 2945 se-

139 2991 215 3056 ditio
235 3012 252 3054 a
269 2991 349 3055 hono
368 2989 506 3074 publico,
536 2990 614 3074 quod
636 2984 836 3072 reparandum
856 2983 1037 3057 videbatur,
1067 3002 1175 3046 nomen
1193 3003 1243 3046 sn-

140 3115 234 3168 meret
264 3101 360 3192 (ligne
388 3101 430 3166 du
457 3099 523 3166 bien
549 3094 681 3188 public),
710 3097 857 3184 numquid
877 3097 967 3194 hujus
984 3096 1131 3175 iniustitia
1148 3096 1245 3179 legem
1349 3089 1351 3095 ’

137 3218 306 3306 ‚quamlibet
326 3216 599 3288 fundamentalem,
619 3234 710 3298 quarn
730 3213 790 3296 ipse
806 3232 927 3276 servare
946 3210 1056 3281 noluit,
1077 3217 1128 3273 aut
1148 3207 1246 3272 minus

139 3332 338 3399 necessariam
359 3341 409 3396 aut
431 3331 530 3394 minus
550 3331 654 3394 utilem
672 3349 735 3393 esse
754 3326 916 3412 probabit?
948 3326 995 3390 Ne
1013 3327 1056 3389 ita
1079 3324 1246 3405 judicemus
1305 3373 1307 3378 ·

141 3471 194 3515 nos
220 3458 323 3512 mouet
348 3446 410 3532 ipse
437 3469 609 3511 nonovrcos
626 3445 693 3516 XI,
721 3444 791 3527 qni,
811 3463 879 3506 cum
897 3439 1093 3506 moribundus
1115 3440 1247 3520 jaceret,

139 3573 166 3628 et
194 3584 305 3646 magno
334 3562 437 3626 dolore
466 3570 628 3644 augeretur
654 3559 693 3623 oh
721 3557 838 3644 imperii
866 3556 975 3628 istum,
1005 3577 1097 3639 quem
1115 3554 1248 3629 fecerat,

141 3680 286 3749 abusum,
316 3677 462 3761 expressis
487 3676 586 3742 verbis
614 3676 755 3759 agnovit,
784 3693 819 3737 ex
836 3673 899 3757 ipsa
920 3680 1028 3736 natura
1047 3668 1243 3734 monarchiae

142 3815 316 3860 consensum
343 3794 531 3858 comitiorum
561 3791 599 3855 ad
628 3790 772 3872 exigenda
799 3787 913 3852 tributa
932 3807 997 3858 ¹esse
1022 3783 1246 3854 necessarium,

141 3895 234 3998 seque
262 3932 344 3977 eum>
357 3932 416 3976 non
438 3909 571 3992 rogando
589 3907 686 3991 ipsum
705 3904 899 3969 monarchiae
915 3901 1090 3967 naturalem
1112 3896 1249 3963 ordinem

141 4027 364 4095 intervertisse:
391 4046 450 4090 «se
473 4032 592 4088 sentant
618 4019 747 4086 affaiblir
768 4021 806 4084 de
832 4017 899 4097 jour
925 4037 963 4082 ea
983 4016 1069 4094 jour,
1092 4014 1114 4079 il
1133 4033 1250 4094 envoya

145 4143 278 4227 ›rquerir
299 4164 351 4207 son
377 4141 422 4207 fils
440 4143 458 4205 a
475 4138 638 4217 Arnhoise,
664 4136 706 4201 lui
724 4135 756 4200 fit
772 4136 810 4199 de
828 4133 923 4197 helles
940 4138 1183 4201 remontrances,
1214 4136 1245 4191 et

145 4256 221 4342 »qui
249 4257 481 4322 condamnoient
508 4255 704 4339 directemcnt
725 4260 808 4318 toute
830 4250 860 4315 la
881 4247 1039 4323 couduite,
1071 4245 1147 4330 qn‘il
1166 4243 1249 4312 avait

161 4398 203 4468 (r).
215 4400 316 4468 Aerope
331 4403 415 4452 chron.
436 4399 466 4451 Τ.
483 4397 517 4449 1v
534 4413 558 4464 p.
577 4392 634 4446 464.
671 4419 675 4425 v

1122 4687 1127 4698 r

1220 4714 1227 4727 Ι

1189 4828 1384 5008 Α,

1075 5080 1079 5095 f
