<?xml version="1.0" encoding="UTF-8"?>
<!DOCTYPE html PUBLIC "-//W3C//DTD XHTML 1.0 Transitional//EN"
    "http://www.w3.org/TR/xhtml1/DTD/xhtml1-transitional.dtd">
<html xmlns="http://www.w3.org/1999/xhtml" xml:lang="en" lang="en">
 <head>
  <title>
</title>
<meta http-equiv="Content-Type" content="text/html;charset=utf-8" />
  <meta name='ocr-system' content='tesseract 3.04.00' />
  <meta name='ocr-capabilities' content='ocr_page ocr_carea ocr_par ocr_line ocrx_word'/>
</head>
<body>
  <div class='ocr_page' id='page_1' title='image "./disquisitiophil00borrgoog_0067.png"; bbox 0 0 2806 5324; ppageno 0'>
   <div class='ocr_carea' id='block_1_1' title="bbox 617 300 711 449">
    <p class='ocr_par' dir='ltr' id='par_1_1' title="bbox 617 300 711 449">
     <span class='ocr_line' id='line_1_1' title="bbox 617 300 711 449; baseline -0.032 0"><span class='ocrx_word' id='word_1_1' title='bbox 617 300 623 311; x_wconf 34' lang='lat'>⁸</span> <span class='ocrx_word' id='word_1_2' title='bbox 656 302 711 449; x_wconf 82' lang='lat' dir='ltr'><strong>su</strong></span> 
     </span>
    </p>
   </div>
   <div class='ocr_carea' id='block_1_2' title="bbox 37 536 1300 3949">
    <p class='ocr_par' dir='ltr' id='par_1_2' title="bbox 133 536 1236 644">
     <span class='ocr_line' id='line_1_2' title="bbox 133 536 1236 644; baseline 0.004 -29"><span class='ocrx_word' id='word_1_3' title='bbox 133 565 276 640; x_wconf 86' lang='lat' dir='ltr'><strong>respectu</strong></span> <span class='ocrx_word' id='word_1_4' title='bbox 294 558 479 638; x_wconf 86' lang='lat' dir='ltr'><strong>objectorum</strong></span> <span class='ocrx_word' id='word_1_5' title='bbox 495 560 572 626; x_wconf 88' lang='lat' dir='ltr'><strong>inter</strong></span> <span class='ocrx_word' id='word_1_6' title='bbox 590 581 621 624; x_wconf 91' lang='lat' dir='ltr'><strong>se</strong></span> <span class='ocrx_word' id='word_1_7' title='bbox 639 559 788 624; x_wconf 86' lang='lat' dir='ltr'><strong>differant.</strong></span> <span class='ocrx_word' id='word_1_8' title='bbox 811 558 855 622; x_wconf 80' lang='lat' dir='ltr'><strong>Ex</strong></span> <span class='ocrx_word' id='word_1_9' title='bbox 875 577 950 644; x_wconf 90' lang='lat' dir='ltr'><strong>quae</strong></span> <span class='ocrx_word' id='word_1_10' title='bbox 973 555 1159 620; x_wconf 71' lang='lat' dir='ltr'><strong>fundamenti</strong></span> <span class='ocrx_word' id='word_1_11' title='bbox 1175 536 1236 619; x_wconf 80' lang='lat' dir='ltr'><strong>du·</strong></span> 
     </span>
    </p>

    <p class='ocr_par' dir='ltr' id='par_1_3' title="bbox 142 667 1233 761">
     <span class='ocr_line' id='line_1_3' title="bbox 142 667 1233 761; baseline -0.001 -29"><span class='ocrx_word' id='word_1_12' title='bbox 142 667 274 753; x_wconf 78' lang='lat' dir='ltr'><strong>plicitote</strong></span> <span class='ocrx_word' id='word_1_13' title='bbox 290 673 341 757; x_wconf 91' lang='lat' dir='ltr'><strong>(sit</strong></span> <span class='ocrx_word' id='word_1_14' title='bbox 357 674 444 742; x_wconf 83' lang='lat' dir='ltr'><strong>venia</strong></span> <span class='ocrx_word' id='word_1_15' title='bbox 460 674 563 761; x_wconf 81' lang='lat' dir='ltr'><strong>verbo)</strong></span> <span class='ocrx_word' id='word_1_16' title='bbox 584 673 675 738; x_wconf 87' lang='lat' dir='ltr'><strong>etiam</strong></span> <span class='ocrx_word' id='word_1_17' title='bbox 696 675 847 759; x_wconf 86' lang='lat' dir='ltr'><strong>seqnitur,</strong></span> <span class='ocrx_word' id='word_1_18' title='bbox 867 674 975 737; x_wconf 86' lang='lat' dir='ltr'><strong>limites</strong></span> <span class='ocrx_word' id='word_1_19' title='bbox 992 671 1115 752; x_wconf 80' lang='lat' dir='ltr'><strong>singulis</strong></span> <span class='ocrx_word' id='word_1_20' title='bbox 1133 678 1233 753; x_wconf 86' lang='lat' dir='ltr'><strong>potes·</strong></span> 
     </span>
    </p>

    <p class='ocr_par' dir='ltr' id='par_1_4' title="bbox 69 778 1300 2690">
     <span class='ocr_line' id='line_1_4' title="bbox 142 778 1233 867; baseline 0.005 -28"><span class='ocrx_word' id='word_1_21' title='bbox 142 778 255 842; x_wconf 88' lang='lat' dir='ltr'><strong>tatibus</strong></span> <span class='ocrx_word' id='word_1_22' title='bbox 276 791 416 845; x_wconf 89' lang='lat' dir='ltr'><strong>accurate</strong></span> <span class='ocrx_word' id='word_1_23' title='bbox 435 782 578 864; x_wconf 79' lang='lat' dir='ltr'><strong>assignari</strong></span> <span class='ocrx_word' id='word_1_24' title='bbox 600 804 659 847; x_wconf 89' lang='lat' dir='ltr'><strong>non</strong></span> <span class='ocrx_word' id='word_1_25' title='bbox 676 790 770 866; x_wconf 88' lang='lat' dir='ltr'><strong>posse.</strong></span> <span class='ocrx_word' id='word_1_26' title='bbox 793 783 891 867; x_wconf 86' lang='lat' dir='ltr'><strong>Atque</strong></span> <span class='ocrx_word' id='word_1_27' title='bbox 908 781 951 846; x_wconf 86' lang='lat' dir='ltr'><strong>ita</strong></span> <span class='ocrx_word' id='word_1_28' title='bbox 972 790 1034 845; x_wconf 87' lang='lat' dir='ltr'><strong>tota</strong></span> <span class='ocrx_word' id='word_1_29' title='bbox 1051 783 1156 848; x_wconf 86' lang='lat' dir='ltr'><strong>divisio</strong></span> <span class='ocrx_word' id='word_1_30' title='bbox 1172 803 1233 846; x_wconf 90' lang='lat' dir='ltr'><strong>non</strong></span> 
     </span>
     <span class='ocr_line' id='line_1_5' title="bbox 93 889 870 981; baseline 0.01 -31"><span class='ocrx_word' id='word_1_31' title='bbox 93 893 103 916; x_wconf 30' lang='grc' dir='ltr'>Χ</span> <span class='ocrx_word' id='word_1_32' title='bbox 142 908 178 952; x_wconf 88' lang='lat' dir='ltr'><strong>ea</strong></span> <span class='ocrx_word' id='word_1_33' title='bbox 194 889 286 954; x_wconf 85' lang='lat' dir='ltr'><strong>babet</strong></span> <span class='ocrx_word' id='word_1_34' title='bbox 305 895 467 978; x_wconf 89' lang='lat' dir='ltr'><strong>requisita,</strong></span> <span class='ocrx_word' id='word_1_35' title='bbox 487 916 564 981; x_wconf 89' lang='lat' dir='ltr'><strong>quae</strong></span> <span class='ocrx_word' id='word_1_36' title='bbox 581 900 670 980; x_wconf 80' lang='lat' dir='ltr'><strong>supra</strong></span> <span class='ocrx_word' id='word_1_37' title='bbox 692 896 870 960; x_wconf 89' lang='lat' dir='ltr'><strong>notavimus.</strong></span> 
     </span>
     <span class='ocr_line' id='line_1_6' title="bbox 185 987 1233 1094; baseline 0.006 -27"><span class='ocrx_word' id='word_1_38' title='bbox 185 1002 381 1073; x_wconf 83' lang='lat' dir='ltr'><strong>Probavimus</strong></span> <span class='ocrx_word' id='word_1_39' title='bbox 401 1020 502 1074; x_wconf 90' lang='lat' dir='ltr'><strong>autem</strong></span> <span class='ocrx_word' id='word_1_40' title='bbox 520 1018 695 1094; x_wconf 87' lang='lat' dir='ltr'><strong>potestatem</strong></span> <span class='ocrx_word' id='word_1_41' title='bbox 717 1009 904 1087; x_wconf 85' lang='lat' dir='ltr'><strong>judiciariam</strong></span> <span class='ocrx_word' id='word_1_42' title='bbox 923 987 1156 1076; x_wconf 81' lang='lat' dir='ltr'><strong>et&#39;executivam</strong></span> <span class='ocrx_word' id='word_1_43' title='bbox 1173 1032 1233 1074; x_wconf 92' lang='lat' dir='ltr'><strong>non</strong></span> 
     </span>
     <span class='ocr_line' id='line_1_7' title="bbox 132 1117 1234 1211; baseline 0.003 -30"><span class='ocrx_word' id='word_1_44' title='bbox 132 1117 261 1185; x_wconf 86' lang='lat' dir='ltr'><strong>differre</strong></span> <span class='ocrx_word' id='word_1_45' title='bbox 280 1124 385 1199; x_wconf 90' lang='lat' dir='ltr'><strong>modo,</strong></span> <span class='ocrx_word' id='word_1_46' title='bbox 411 1147 469 1211; x_wconf 89' lang='lat' dir='ltr'><strong>quo</strong></span> <span class='ocrx_word' id='word_1_47' title='bbox 485 1146 548 1190; x_wconf 88' lang='lat' dir='ltr'><strong>sese</strong></span> <span class='ocrx_word' id='word_1_48' title='bbox 569 1134 729 1201; x_wconf 79' lang='lat' dir='ltr'><strong>exserunt,</strong></span> <span class='ocrx_word' id='word_1_49' title='bbox 746 1145 815 1198; x_wconf 18' lang='lat' dir='ltr'><strong>,cum</strong></span> <span class='ocrx_word' id='word_1_50' title='bbox 830 1124 949 1209; x_wconf 88' lang='lat' dir='ltr'><strong>propria</strong></span> <span class='ocrx_word' id='word_1_51' title='bbox 968 1123 1123 1207; x_wconf 88' lang='lat' dir='ltr'><strong>utriusque</strong></span> <span class='ocrx_word' id='word_1_52' title='bbox 1143 1123 1234 1188; x_wconf 87' lang='lat' dir='ltr'><strong>viset</strong></span> 
     </span>
     <span class='ocr_line' id='line_1_8' title="bbox 137 1232 1235 1321; baseline 0 -25"><span class='ocrx_word' id='word_1_53' title='bbox 137 1233 218 1297; x_wconf 84' lang='lat' dir='ltr'><strong>ratio</strong></span> <span class='ocrx_word' id='word_1_54' title='bbox 235 1237 338 1300; x_wconf 88' lang='lat' dir='ltr'><strong>eadem</strong></span> <span class='ocrx_word' id='word_1_55' title='bbox 358 1239 413 1310; x_wconf 89' lang='lat' dir='ltr'><strong>sit,</strong></span> <span class='ocrx_word' id='word_1_56' title='bbox 435 1261 477 1302; x_wconf 88' lang='lat' dir='ltr'><strong>sc.</strong></span> <span class='ocrx_word' id='word_1_57' title='bbox 499 1248 534 1302; x_wconf 89' lang='lat' dir='ltr'><strong>ut</strong></span> <span class='ocrx_word' id='word_1_58' title='bbox 552 1237 671 1301; x_wconf 83' lang='lat' dir='ltr'><strong>definiat</strong></span> <span class='ocrx_word' id='word_1_59' title='bbox 690 1237 763 1321; x_wconf 90' lang='lat' dir='ltr'><strong>quid</strong></span> <span class='ocrx_word' id='word_1_60' title='bbox 782 1238 812 1301; x_wconf 93' lang='lat' dir='ltr'><strong>in</strong></span> <span class='ocrx_word' id='word_1_61' title='bbox 824 1244 913 1301; x_wconf 86' lang='lat' dir='ltr'><strong>causa</strong></span> <span class='ocrx_word' id='word_1_62' title='bbox 923 1235 1042 1319; x_wconf 86' lang='lat' dir='ltr'><strong>speciali</strong></span> <span class='ocrx_word' id='word_1_63' title='bbox 1052 1232 1235 1298; x_wconf 84' lang='lat' dir='ltr'><strong>obveniente</strong></span> 
     </span>
     <span class='ocr_line' id='line_1_9' title="bbox 137 1344 1235 1438; baseline 0.003 -27"><span class='ocrx_word' id='word_1_64' title='bbox 137 1349 304 1438; x_wconf 82' lang='lat' dir='ltr'><strong>secundum</strong></span> <span class='ocrx_word' id='word_1_65' title='bbox 323 1353 402 1434; x_wconf 78' lang='lat' dir='ltr'><strong>leges</strong></span> <span class='ocrx_word' id='word_1_66' title='bbox 423 1351 485 1416; x_wconf 86' lang='lat' dir='ltr'><strong>fieri</strong></span> <span class='ocrx_word' id='word_1_67' title='bbox 502 1353 626 1428; x_wconf 86' lang='lat' dir='ltr'><strong>debeat,</strong></span> <span class='ocrx_word' id='word_1_68' title='bbox 646 1360 676 1415; x_wconf 89' lang='lat' dir='ltr'><strong>et</strong></span> <span class='ocrx_word' id='word_1_69' title='bbox 694 1352 809 1424; x_wconf 81' lang='lat' dir='ltr'><strong>dorma,</strong></span> <span class='ocrx_word' id='word_1_70' title='bbox 831 1370 891 1435; x_wconf 90' lang='lat' dir='ltr'><strong>qua</strong></span> <span class='ocrx_word' id='word_1_71' title='bbox 909 1369 973 1413; x_wconf 88' lang='lat' dir='ltr'><strong>sese</strong></span> <span class='ocrx_word' id='word_1_72' title='bbox 992 1344 1135 1433; x_wconf 85' lang='lat' dir='ltr'><strong>produnt,</strong></span> <span class='ocrx_word' id='word_1_73' title='bbox 1156 1350 1235 1414; x_wconf 90' lang='lat' dir='ltr'><strong>utri·</strong></span> 
     </span>
     <span class='ocr_line' id='line_1_10' title="bbox 140 1459 1233 1557; baseline 0.001 -31"><span class='ocrx_word' id='word_1_74' title='bbox 140 1481 236 1546; x_wconf 89' lang='lat' dir='ltr'><strong>usque</strong></span> <span class='ocrx_word' id='word_1_75' title='bbox 255 1465 293 1529; x_wconf 84' lang='lat' dir='ltr'><strong>sit</strong></span> <span class='ocrx_word' id='word_1_76' title='bbox 312 1466 464 1551; x_wconf 85' lang='lat' dir='ltr'><strong>specialis,</strong></span> <span class='ocrx_word' id='word_1_77' title='bbox 488 1478 547 1530; x_wconf 82' lang='lat' dir='ltr'><strong>uon</strong></span> <span class='ocrx_word' id='word_1_78' title='bbox 573 1466 737 1549; x_wconf 82' lang='lat' dir='ltr'><strong>generalis,</strong></span> <span class='ocrx_word' id='word_1_79' title='bbox 764 1474 802 1557; x_wconf 74' lang='lat' dir='ltr'><strong>et</strong></span> <span class='ocrx_word' id='word_1_80' title='bbox 822 1488 842 1528; x_wconf 87' lang='lat' dir='ltr'><strong><em>a</em></strong></span> <span class='ocrx_word' id='word_1_81' title='bbox 869 1459 1043 1550; x_wconf 78' lang='lat' dir='ltr'><em>posteriori,</em></span> <span class='ocrx_word' id='word_1_82' title='bbox 1072 1471 1106 1526; x_wconf 89' lang='lat' dir='ltr'><strong>ut</strong></span> <span class='ocrx_word' id='word_1_83' title='bbox 1127 1462 1233 1541; x_wconf 85' lang='lat' dir='ltr'><strong>ajunt,</strong></span> 
     </span>
     <span class='ocr_line' id='line_1_11' title="bbox 142 1576 1235 1673; baseline 0.004 -32"><span class='ocrx_word' id='word_1_84' title='bbox 142 1598 202 1641; x_wconf 86' lang='lat' dir='ltr'><strong>non</strong></span> <span class='ocrx_word' id='word_1_85' title='bbox 220 1602 241 1642; x_wconf 89' lang='lat' dir='ltr'><strong>a</strong></span> <span class='ocrx_word' id='word_1_86' title='bbox 254 1576 352 1663; x_wconf 80' lang='lat' dir='ltr'><em>priori</em></span> <span class='ocrx_word' id='word_1_87' title='bbox 366 1581 537 1665; x_wconf 85' lang='lat' dir='ltr'><strong>praecipiat.</strong></span> <span class='ocrx_word' id='word_1_88' title='bbox 561 1580 616 1644; x_wconf 89' lang='lat' dir='ltr'><strong>His</strong></span> <span class='ocrx_word' id='word_1_89' title='bbox 635 1588 734 1642; x_wconf 86' lang='lat' dir='ltr'><strong>tamen</strong></span> <span class='ocrx_word' id='word_1_90' title='bbox 754 1579 888 1643; x_wconf 90' lang='lat' dir='ltr'><strong>nonnulli</strong></span> <span class='ocrx_word' id='word_1_91' title='bbox 906 1576 1050 1656; x_wconf 86' lang='lat' dir='ltr'><strong>objiciunt</strong></span> <span class='ocrx_word' id='word_1_92' title='bbox 1065 1579 1126 1665; x_wconf 82' lang='lat' dir='ltr'><strong>(l),</strong></span> <span class='ocrx_word' id='word_1_93' title='bbox 1148 1580 1235 1673; x_wconf 75' lang='lat' dir='ltr'><strong>abiud</strong></span> 
     </span>
     <span class='ocr_line' id='line_1_12' title="bbox 142 1688 1235 1779; baseline 0.005 -27"><span class='ocrx_word' id='word_1_94' title='bbox 142 1708 205 1753; x_wconf 89' lang='lat' dir='ltr'><strong>esse</strong></span> <span class='ocrx_word' id='word_1_95' title='bbox 232 1712 354 1758; x_wconf 90' lang='lat' dir='ltr'><strong>causam</strong></span> <span class='ocrx_word' id='word_1_96' title='bbox 381 1697 543 1779; x_wconf 82' lang='lat' dir='ltr'><strong>quandam</strong></span> <span class='ocrx_word' id='word_1_97' title='bbox 559 1696 680 1762; x_wconf 84' lang='lat' dir='ltr'><strong>obviam</strong></span> <span class='ocrx_word' id='word_1_98' title='bbox 705 1693 763 1775; x_wconf 85' lang='lat' dir='ltr'><strong>legi</strong></span> <span class='ocrx_word' id='word_1_99' title='bbox 785 1710 934 1756; x_wconf 81' lang='lat' dir='ltr'><strong>assumere</strong></span> <span class='ocrx_word' id='word_1_100' title='bbox 954 1688 1032 1776; x_wconf 84' lang='lat' dir='ltr'><strong>(eine</strong></span> <span class='ocrx_word' id='word_1_101' title='bbox 1052 1691 1235 1758; x_wconf 78' lang='lat' dir='ltr'><strong><em>bestimmten</em></strong></span> 
     </span>
     <span class='ocr_line' id='line_1_13' title="bbox 143 1800 1234 1903; baseline 0.005 -37"><span class='ocrx_word' id='word_1_102' title='bbox 143 1800 174 1866; x_wconf 83' lang='lat' dir='ltr'><em>F</em></span> <span class='ocrx_word' id='word_1_103' title='bbox 172 1804 215 1867; x_wconf 80' lang='lat' dir='ltr'><strong>art</strong></span> <span class='ocrx_word' id='word_1_104' title='bbox 237 1811 324 1870; x_wconf 78' lang='lat' dir='ltr'><strong>noter</strong></span> <span class='ocrx_word' id='word_1_105' title='bbox 343 1805 410 1872; x_wconf 83' lang='lat' dir='ltr'><strong>eine</strong></span> <span class='ocrx_word' id='word_1_106' title='bbox 430 1805 617 1898; x_wconf 78' lang='lat' dir='ltr'><strong>rortiegeode</strong></span> <span class='ocrx_word' id='word_1_107' title='bbox 634 1808 740 1875; x_wconf 79' lang='lat' dir='ltr'><strong>Geretz</strong></span> <span class='ocrx_word' id='word_1_108' title='bbox 755 1804 970 1892; x_wconf 75' lang='lat' dir='ltr'><strong>subcumbere).</strong></span> <span class='ocrx_word' id='word_1_109' title='bbox 990 1806 1072 1870; x_wconf 79' lang='lat' dir='ltr'><strong>aliud</strong></span> <span class='ocrx_word' id='word_1_110' title='bbox 1091 1807 1134 1878; x_wconf 85' lang='lat' dir='ltr'><strong>id,</strong></span> <span class='ocrx_word' id='word_1_111' title='bbox 1150 1809 1234 1903; x_wconf 85' lang='lat' dir='ltr'><strong>quod</strong></span> 
     </span>
     <span class='ocr_line' id='line_1_14' title="bbox 143 1918 1236 2008; baseline 0.005 -29"><span class='ocrx_word' id='word_1_112' title='bbox 143 1935 179 1980; x_wconf 79' lang='lat' dir='ltr'><strong>ex</strong></span> <span class='ocrx_word' id='word_1_113' title='bbox 204 1938 240 1982; x_wconf 88' lang='lat' dir='ltr'><strong>ea</strong></span> <span class='ocrx_word' id='word_1_114' title='bbox 268 1922 446 2006; x_wconf 79' lang='lat' dir='ltr'><strong>assumtione</strong></span> <span class='ocrx_word' id='word_1_115' title='bbox 475 1924 645 1987; x_wconf 87' lang='lat' dir='ltr'><strong>conclusum</strong></span> <span class='ocrx_word' id='word_1_116' title='bbox 668 1933 731 1996; x_wconf 87' lang='lat' dir='ltr'><strong>est,</strong></span> <span class='ocrx_word' id='word_1_117' title='bbox 752 1920 871 2005; x_wconf 82' lang='lat' dir='ltr'><strong>exsequi</strong></span> <span class='ocrx_word' id='word_1_118' title='bbox 901 1918 1075 2004; x_wconf 63' lang='lat' dir='ltr'><strong>(daweus</strong></span> <span class='ocrx_word' id='word_1_119' title='bbox 1095 1928 1236 2008; x_wconf 81' lang='lat' dir='ltr'><strong>sermdge</strong></span> 
     </span>
     <span class='ocr_line' id='line_1_15' title="bbox 143 2028 1235 2120; baseline 0.005 -27"><span class='ocrx_word' id='word_1_120' title='bbox 143 2028 239 2096; x_wconf 80' lang='lat' dir='ltr'><strong>dieser</strong></span> <span class='ocrx_word' id='word_1_121' title='bbox 263 2032 452 2100; x_wconf 82' lang='lat' dir='ltr'><strong>Subsumtr&#39;on</strong></span> <span class='ocrx_word' id='word_1_122' title='bbox 483 2035 669 2101; x_wconf 83' lang='lat' dir='ltr'><strong>entsobr&#39;eden</strong></span> <span class='ocrx_word' id='word_1_123' title='bbox 691 2035 746 2111; x_wconf 80' lang='lat' dir='ltr'><strong>ist,</strong></span> <span class='ocrx_word' id='word_1_124' title='bbox 770 2033 865 2098; x_wconf 86' lang='lat' dir='ltr'><strong>durcb</strong></span> <span class='ocrx_word' id='word_1_125' title='bbox 894 2031 944 2098; x_wconf 79' lang='lat' dir='ltr'><strong>die</strong></span> <span class='ocrx_word' id='word_1_126' title='bbox 965 2031 1235 2120; x_wconf 69' lang='lat' dir='ltr'><strong>Gesetlscba&#39;p‘bsge·</strong></span> 
     </span>
     <span class='ocr_line' id='line_1_16' title="bbox 141 2145 1236 2238; baseline 0.005 -32"><span class='ocrx_word' id='word_1_127' title='bbox 141 2145 224 2238; x_wconf 25' lang='lat' dir='ltr'><strong>walt,</strong></span> <span class='ocrx_word' id='word_1_128' title='bbox 242 2146 425 2234; x_wconf 77' lang='lat' dir='ltr'><strong>exequiren).</strong></span> <span class='ocrx_word' id='word_1_129' title='bbox 464 2150 584 2217; x_wconf 76' lang='lat' dir='ltr'><strong>Verum¹</strong></span> <span class='ocrx_word' id='word_1_130' title='bbox 605 2151 814 2233; x_wconf 87' lang='lat' dir='ltr'><strong>respondemus</strong></span> <span class='ocrx_word' id='word_1_131' title='bbox 843 2156 1019 2233; x_wconf 85' lang='lat' dir='ltr'><strong>potestatem</strong></span> <span class='ocrx_word' id='word_1_132' title='bbox 1044 2147 1236 2211; x_wconf 83' lang='lat' dir='ltr'><strong>executivarm</strong></span> 
     </span>
     <span class='ocr_line' id='line_1_17' title="bbox 142 2241 1237 2348; baseline 0.005 -27"><span class='ocrx_word' id='word_1_133' title='bbox 142 2278 201 2322; x_wconf 88' lang='lat' dir='ltr'><strong>uon</strong></span> <span class='ocrx_word' id='word_1_134' title='bbox 229 2260 260 2325; x_wconf 89' lang='lat' dir='ltr'><strong>in</strong></span> <span class='ocrx_word' id='word_1_135' title='bbox 288 2262 352 2346; x_wconf 89' lang='lat' dir='ltr'><strong>ipso</strong></span> <span class='ocrx_word' id='word_1_136' title='bbox 378 2264 502 2344; x_wconf 84' lang='lat' dir='ltr'><strong>cogendi</strong></span> <span class='ocrx_word' id='word_1_137' title='bbox 529 2241 615 2338; x_wconf 80' lang='lat' dir='ltr'><strong>actu,</strong></span> <span class='ocrx_word' id='word_1_138' title='bbox 636 2265 669 2327; x_wconf 92' lang='lat' dir='ltr'><strong>in</strong></span> <span class='ocrx_word' id='word_1_139' title='bbox 690 2266 719 2327; x_wconf 91' lang='lat' dir='ltr'><strong>vi</strong></span> <span class='ocrx_word' id='word_1_140' title='bbox 737 2259 860 2348; x_wconf 83' lang='lat' dir='ltr'><strong>physica</strong></span> <span class='ocrx_word' id='word_1_141' title='bbox 882 2263 1052 2328; x_wconf 83' lang='lat' dir='ltr'><strong>adhibenda</strong></span> <span class='ocrx_word' id='word_1_142' title='bbox 1073 2263 1237 2328; x_wconf 83' lang='lat' dir='ltr'><strong>consistere</strong></span> 
     </span>
     <span class='ocr_line' id='line_1_18' title="bbox 141 2375 1236 2462; baseline 0.005 -26"><span class='ocrx_word' id='word_1_143' title='bbox 141 2394 243 2456; x_wconf 90' lang='lat' dir='ltr'><strong>posse,</strong></span> <span class='ocrx_word' id='word_1_144' title='bbox 267 2377 319 2439; x_wconf 90' lang='lat' dir='ltr'><strong>sed</strong></span> <span class='ocrx_word' id='word_1_145' title='bbox 342 2376 373 2439; x_wconf 93' lang='lat' dir='ltr'><strong>in</strong></span> <span class='ocrx_word' id='word_1_146' title='bbox 393 2375 475 2462; x_wconf 78' lang='lat' dir='ltr'><strong>jure,</strong></span> <span class='ocrx_word' id='word_1_147' title='bbox 499 2377 529 2441; x_wconf 80' lang='lat' dir='ltr'><strong>ri</strong></span> <span class='ocrx_word' id='word_1_148' title='bbox 551 2377 637 2455; x_wconf 88' lang='lat' dir='ltr'><strong>cujus</strong></span> <span class='ocrx_word' id='word_1_149' title='bbox 653 2376 791 2454; x_wconf 84' lang='lat' dir='ltr'><strong>jubetur,</strong></span> <span class='ocrx_word' id='word_1_150' title='bbox 813 2378 886 2461; x_wconf 89' lang='lat' dir='ltr'><strong>qnid</strong></span> <span class='ocrx_word' id='word_1_151' title='bbox 909 2377 941 2441; x_wconf 91' lang='lat' dir='ltr'><strong>in</strong></span> <span class='ocrx_word' id='word_1_152' title='bbox 967 2399 1057 2441; x_wconf 85' lang='lat' dir='ltr'><strong>causa</strong></span> <span class='ocrx_word' id='word_1_153' title='bbox 1074 2378 1163 2442; x_wconf 87' lang='lat' dir='ltr'><strong>obvia</strong></span> <span class='ocrx_word' id='word_1_154' title='bbox 1180 2399 1236 2442; x_wconf 88' lang='lat' dir='ltr'><strong>se-</strong></span> 
     </span>
     <span class='ocr_line' id='line_1_19' title="bbox 69 2489 1232 2574; baseline 0.006 -25"><span class='ocrx_word' id='word_1_155' title='bbox 69 2534 73 2542; x_wconf 90' lang='lat'>.</span> <span class='ocrx_word' id='word_1_156' title='bbox 141 2489 273 2551; x_wconf 89' lang='lat' dir='ltr'><strong>cundum</strong></span> <span class='ocrx_word' id='word_1_157' title='bbox 292 2490 387 2571; x_wconf 79' lang='lat' dir='ltr'><strong>legem</strong></span> <span class='ocrx_word' id='word_1_158' title='bbox 404 2489 466 2554; x_wconf 83' lang='lat' dir='ltr'><strong>deri</strong></span> <span class='ocrx_word' id='word_1_159' title='bbox 484 2491 608 2564; x_wconf 89' lang='lat' dir='ltr'><strong>debeat,</strong></span> <span class='ocrx_word' id='word_1_160' title='bbox 629 2510 663 2554; x_wconf 88' lang='lat' dir='ltr'><strong>ac</strong></span> <span class='ocrx_word' id='word_1_161' title='bbox 682 2491 707 2554; x_wconf 90' lang='lat' dir='ltr'><strong>si</strong></span> <span class='ocrx_word' id='word_1_162' title='bbox 724 2489 803 2554; x_wconf 82' lang='lat' dir='ltr'><strong>forte</strong></span> <span class='ocrx_word' id='word_1_163' title='bbox 817 2490 876 2555; x_wconf 90' lang='lat' dir='ltr'><strong>sint</strong></span> <span class='ocrx_word' id='word_1_164' title='bbox 893 2490 945 2574; x_wconf 91' lang='lat' dir='ltr'><strong>qni</strong></span> <span class='ocrx_word' id='word_1_165' title='bbox 964 2491 1057 2569; x_wconf 87' lang='lat' dir='ltr'><strong>jussui</strong></span> <span class='ocrx_word' id='word_1_166' title='bbox 1075 2492 1232 2565; x_wconf 85' lang='lat' dir='ltr'><strong>resistant,</strong></span> 
     </span>
     <span class='ocr_line' id='line_1_20' title="bbox 100 2580 1300 2690; baseline 0.006 -27"><span class='ocrx_word' id='word_1_167' title='bbox 100 2645 104 2652; x_wconf 85' lang='lat'><em>-</em></span> <span class='ocrx_word' id='word_1_168' title='bbox 140 2600 247 2664; x_wconf 86' lang='lat' dir='ltr'><strong>iterum</strong></span> <span class='ocrx_word' id='word_1_169' title='bbox 268 2582 407 2680; x_wconf 79' lang='lat' dir='ltr'><strong>jubetur,</strong></span> <span class='ocrx_word' id='word_1_170' title='bbox 431 2580 578 2690; x_wconf 84' lang='lat' dir='ltr'><strong>quaenam</strong></span> <span class='ocrx_word' id='word_1_171' title='bbox 601 2605 717 2669; x_wconf 86' lang='lat' dir='ltr'><strong>coactio</strong></span> <span class='ocrx_word' id='word_1_172' title='bbox 732 2605 898 2668; x_wconf 82' lang='lat' dir='ltr'><strong>seeundum</strong></span> <span class='ocrx_word' id='word_1_173' title='bbox 918 2584 1008 2670; x_wconf 81' lang='lat' dir='ltr'><strong>eiiam</strong></span> <span class='ocrx_word' id='word_1_174' title='bbox 1037 2607 1132 2688; x_wconf 80' lang='lat' dir='ltr'><strong>legem</strong></span> <span class='ocrx_word' id='word_1_175' title='bbox 1152 2606 1235 2670; x_wconf 88' lang='lat' dir='ltr'><strong>banc</strong></span> <span class='ocrx_word' id='word_1_176' title='bbox 1297 2592 1300 2607; x_wconf 63' lang='lat'>¹</span> 
     </span>
    </p>

    <p class='ocr_par' dir='ltr' id='par_1_5' title="bbox 141 2714 1235 2804">
     <span class='ocr_line' id='line_1_21' title="bbox 141 2714 1235 2804; baseline 0.004 -27"><span class='ocrx_word' id='word_1_177' title='bbox 141 2714 328 2780; x_wconf 86' lang='lat' dir='ltr'><strong>definientem</strong></span> <span class='ocrx_word' id='word_1_178' title='bbox 347 2719 484 2801; x_wconf 81' lang='lat' dir='ltr'><strong>adhiberi</strong></span> <span class='ocrx_word' id='word_1_179' title='bbox 506 2719 625 2783; x_wconf 88' lang='lat' dir='ltr'><strong>debeat.</strong></span> <span class='ocrx_word' id='word_1_180' title='bbox 649 2719 761 2782; x_wconf 89' lang='lat' dir='ltr'><strong>Eodem</strong></span> <span class='ocrx_word' id='word_1_181' title='bbox 778 2729 879 2782; x_wconf 79' lang='lat' dir='ltr'><strong>aurem</strong></span> <span class='ocrx_word' id='word_1_182' title='bbox 896 2720 985 2783; x_wconf 91' lang='lat' dir='ltr'><strong>modo</strong></span> <span class='ocrx_word' id='word_1_183' title='bbox 1001 2717 1134 2804; x_wconf 86' lang='lat' dir='ltr'><strong>procedit</strong></span> <span class='ocrx_word' id='word_1_184' title='bbox 1152 2717 1235 2796; x_wconf 87' lang='lat' dir='ltr'><strong>judi-</strong></span> 
     </span>
    </p>

    <p class='ocr_par' dir='ltr' id='par_1_6' title="bbox 141 2831 1234 2919">
     <span class='ocr_line' id='line_1_22' title="bbox 141 2831 1234 2919; baseline 0.002 -25"><span class='ocrx_word' id='word_1_185' title='bbox 141 2831 233 2896; x_wconf 90' lang='lat' dir='ltr'><strong>ciaria</strong></span> <span class='ocrx_word' id='word_1_186' title='bbox 264 2842 413 2918; x_wconf 89' lang='lat' dir='ltr'><strong>potestas,</strong></span> <span class='ocrx_word' id='word_1_187' title='bbox 441 2854 519 2919; x_wconf 90' lang='lat' dir='ltr'><strong>qnae</strong></span> <span class='ocrx_word' id='word_1_188' title='bbox 548 2854 662 2916; x_wconf 88' lang='lat' dir='ltr'><strong>semper</strong></span> <span class='ocrx_word' id='word_1_189' title='bbox 686 2853 807 2917; x_wconf 86' lang='lat' dir='ltr'><strong>quoque</strong></span> <span class='ocrx_word' id='word_1_190' title='bbox 833 2833 962 2907; x_wconf 84' lang='lat' dir='ltr'><strong>decidit,</strong></span> <span class='ocrx_word' id='word_1_191' title='bbox 992 2831 1065 2916; x_wconf 89' lang='lat' dir='ltr'><strong>qnid</strong></span> <span class='ocrx_word' id='word_1_192' title='bbox 1095 2833 1175 2912; x_wconf 82' lang='lat' dir='ltr'><strong>leges</strong></span> <span class='ocrx_word' id='word_1_193' title='bbox 1201 2833 1234 2897; x_wconf 89' lang='lat' dir='ltr'><strong>iu</strong></span> 
     </span>
    </p>

    <p class='ocr_par' dir='ltr' id='par_1_7' title="bbox 37 2945 1273 3949">
     <span class='ocr_line' id='line_1_23' title="bbox 140 2945 1235 3031; baseline 0 -21"><span class='ocrx_word' id='word_1_194' title='bbox 140 2967 229 3010; x_wconf 83' lang='lat' dir='ltr'><strong>causa</strong></span> <span class='ocrx_word' id='word_1_195' title='bbox 249 2948 396 3031; x_wconf 85' lang='lat' dir='ltr'><strong>proposita</strong></span> <span class='ocrx_word' id='word_1_196' title='bbox 412 2946 474 3010; x_wconf 86' lang='lat' dir='ltr'><strong>iieri</strong></span> <span class='ocrx_word' id='word_1_197' title='bbox 491 2947 604 3021; x_wconf 84' lang='lat' dir='ltr'><strong>velint,</strong></span> <span class='ocrx_word' id='word_1_198' title='bbox 623 2956 654 3010; x_wconf 83' lang='lat' dir='ltr'><strong>ct</strong></span> <span class='ocrx_word' id='word_1_199' title='bbox 670 2946 711 3009; x_wconf 86' lang='lat' dir='ltr'><strong>ab</strong></span> <span class='ocrx_word' id='word_1_200' title='bbox 728 2946 883 3011; x_wconf 82' lang='lat' dir='ltr'><strong>executiva</strong></span> <span class='ocrx_word' id='word_1_201' title='bbox 905 2945 995 3028; x_wconf 79' lang='lat' dir='ltr'><strong>igitur</strong></span> <span class='ocrx_word' id='word_1_202' title='bbox 1017 2947 1143 3025; x_wconf 84' lang='lat' dir='ltr'><strong>objectis</strong></span> <span class='ocrx_word' id='word_1_203' title='bbox 1164 2957 1235 3010; x_wconf 89' lang='lat' dir='ltr'><strong>tan·</strong></span> 
     </span>
     <span class='ocr_line' id='line_1_24' title="bbox 50 3036 1234 3145; baseline -0.002 -20"><span class='ocrx_word' id='word_1_204' title='bbox 50 3096 56 3104; x_wconf 27' lang='lat' dir='ltr'><strong>s</strong></span> <span class='ocrx_word' id='word_1_205' title='bbox 140 3070 204 3125; x_wconf 90' lang='lat' dir='ltr'><strong>tum</strong></span> <span class='ocrx_word' id='word_1_206' title='bbox 224 3058 333 3125; x_wconf 84' lang='lat' dir='ltr'><strong>differt.</strong></span> <span class='ocrx_word' id='word_1_207' title='bbox 358 3101 401 3112; x_wconf 95' lang='lat'>—</span> <span class='ocrx_word' id='word_1_208' title='bbox 422 3056 485 3127; x_wconf 89' lang='lat' dir='ltr'><strong>Nec</strong></span> <span class='ocrx_word' id='word_1_209' title='bbox 506 3062 603 3143; x_wconf 84' lang='lat' dir='ltr'><strong>magis</strong></span> <span class='ocrx_word' id='word_1_210' title='bbox 621 3061 736 3133; x_wconf 85' lang='lat' dir='ltr'><strong>obstat,</strong></span> <span class='ocrx_word' id='word_1_211' title='bbox 756 3061 836 3145; x_wconf 89' lang='lat' dir='ltr'><strong>quod</strong></span> <span class='ocrx_word' id='word_1_212' title='bbox 862 3059 912 3122; x_wconf 83' lang='lat' dir='ltr'><strong>alii</strong></span> <span class='ocrx_word' id='word_1_213' title='bbox 935 3036 1081 3141; x_wconf 75' lang='lat' dir='ltr'><strong>allegant,</strong></span> <span class='ocrx_word' id='word_1_214' title='bbox 1104 3059 1234 3138; x_wconf 87' lang='lat' dir='ltr'><strong>judicia-</strong></span> 
     </span>
     <span class='ocr_line' id='line_1_25' title="bbox 141 3174 1236 3260; baseline -0.002 -20"><span class='ocrx_word' id='word_1_215' title='bbox 141 3176 215 3240; x_wconf 89' lang='lat' dir='ltr'><strong>riam</strong></span> <span class='ocrx_word' id='word_1_216' title='bbox 233 3184 409 3260; x_wconf 89' lang='lat' dir='ltr'><strong>pctestatem</strong></span> <span class='ocrx_word' id='word_1_217' title='bbox 428 3176 578 3260; x_wconf 83' lang='lat' dir='ltr'><strong>inquirere</strong></span> <span class='ocrx_word' id='word_1_218' title='bbox 596 3184 730 3248; x_wconf 89' lang='lat' dir='ltr'><strong>tantum,</strong></span> <span class='ocrx_word' id='word_1_219' title='bbox 752 3195 790 3238; x_wconf 92' lang='lat' dir='ltr'><strong>an</strong></span> <span class='ocrx_word' id='word_1_220' title='bbox 807 3195 896 3238; x_wconf 84' lang='lat' dir='ltr'><strong>causa</strong></span> <span class='ocrx_word' id='word_1_221' title='bbox 914 3174 1076 3238; x_wconf 87' lang='lat' dir='ltr'><strong>obveniens</strong></span> <span class='ocrx_word' id='word_1_222' title='bbox 1090 3175 1146 3238; x_wconf 88' lang='lat' dir='ltr'><strong>snb</strong></span> <span class='ocrx_word' id='word_1_223' title='bbox 1167 3177 1236 3255; x_wconf 81' lang='lat' dir='ltr'><strong>iege</strong></span> 
     </span>
     <span class='ocr_line' id='line_1_26' title="bbox 141 3287 1241 3375; baseline -0.002 -21"><span class='ocrx_word' id='word_1_224' title='bbox 141 3291 179 3354; x_wconf 85' lang='lat' dir='ltr'><strong>sit</strong></span> <span class='ocrx_word' id='word_1_225' title='bbox 206 3289 433 3375; x_wconf 85' lang='lat' dir='ltr'><strong>comprehensa,</strong></span> <span class='ocrx_word' id='word_1_226' title='bbox 462 3288 647 3353; x_wconf 88' lang='lat' dir='ltr'><strong>cxecutivam</strong></span> <span class='ocrx_word' id='word_1_227' title='bbox 672 3309 744 3353; x_wconf 88' lang='lat' dir='ltr'><strong>vero</strong></span> <span class='ocrx_word' id='word_1_228' title='bbox 776 3287 897 3371; x_wconf 82' lang='lat' dir='ltr'><strong>exsequi</strong></span> <span class='ocrx_word' id='word_1_229' title='bbox 917 3289 963 3361; x_wconf 90' lang='lat' dir='ltr'><strong>id,</strong></span> <span class='ocrx_word' id='word_1_230' title='bbox 988 3289 1066 3372; x_wconf 89' lang='lat' dir='ltr'><strong>quod</strong></span> <span class='ocrx_word' id='word_1_231' title='bbox 1094 3287 1241 3352; x_wconf 85' lang='lat' dir='ltr'><strong>statuerit·</strong></span> 
     </span>
     <span class='ocr_line' id='line_1_27' title="bbox 140 3401 1267 3487; baseline 0.001 -21"><span class='ocrx_word' id='word_1_232' title='bbox 140 3403 309 3482; x_wconf 81' lang='lat' dir='ltr'><strong>iudiciaria.</strong></span> <span class='ocrx_word' id='word_1_233' title='bbox 332 3403 558 3487; x_wconf 87' lang='lat' dir='ltr'><strong>Respondemus</strong></span> <span class='ocrx_word' id='word_1_234' title='bbox 580 3403 659 3466; x_wconf 88' lang='lat' dir='ltr'><strong>enim</strong></span> <span class='ocrx_word' id='word_1_235' title='bbox 681 3402 785 3466; x_wconf 88' lang='lat' dir='ltr'><strong>eodem</strong></span> <span class='ocrx_word' id='word_1_236' title='bbox 809 3411 999 3482; x_wconf 82' lang='lat' dir='ltr'><strong>argumento,</strong></span> <span class='ocrx_word' id='word_1_237' title='bbox 1018 3402 1050 3464; x_wconf 92' lang='lat' dir='ltr'><strong>id</strong></span> <span class='ocrx_word' id='word_1_238' title='bbox 1069 3401 1095 3466; x_wconf 92' lang='lat' dir='ltr'><strong>si</strong></span> <span class='ocrx_word' id='word_1_239' title='bbox 1116 3403 1232 3468; x_wconf 86' lang='lat' dir='ltr'><strong>admit·</strong></span> <span class='ocrx_word' id='word_1_240' title='bbox 1263 3467 1267 3475; x_wconf 88' lang='grc'>,</span> 
     </span>
     <span class='ocr_line' id='line_1_28' title="bbox 137 3515 1234 3600; baseline -0.001 -19"><span class='ocrx_word' id='word_1_241' title='bbox 137 3528 288 3592; x_wconf 86' lang='lat' dir='ltr'><strong>tenemus,</strong></span> <span class='ocrx_word' id='word_1_242' title='bbox 311 3520 350 3582; x_wconf 94' lang='lat' dir='ltr'><strong>ad</strong></span> <span class='ocrx_word' id='word_1_243' title='bbox 369 3517 499 3582; x_wconf 85' lang='lat' dir='ltr'><strong>absurda</strong></span> <span class='ocrx_word' id='word_1_244' title='bbox 517 3539 584 3580; x_wconf 85' lang='lat' dir='ltr'><strong>mox</strong></span> <span class='ocrx_word' id='word_1_245' title='bbox 606 3518 792 3582; x_wconf 88' lang='lat' dir='ltr'><strong>duceremur.</strong></span> <span class='ocrx_word' id='word_1_246' title='bbox 822 3515 901 3579; x_wconf 89' lang='lat' dir='ltr'><strong>Nam</strong></span> <span class='ocrx_word' id='word_1_247' title='bbox 926 3515 969 3579; x_wconf 84' lang='lat' dir='ltr'><strong>sic</strong></span> <span class='ocrx_word' id='word_1_248' title='bbox 996 3515 1152 3582; x_wconf 85' lang='lat' dir='ltr'><strong>executiva</strong></span> <span class='ocrx_word' id='word_1_249' title='bbox 1178 3539 1234 3600; x_wconf 90' lang='lat' dir='ltr'><strong>pc-</strong></span> 
     </span>
     <span class='ocr_line' id='line_1_29' title="bbox 37 3613 1273 3716; baseline 0.001 -19"><span class='ocrx_word' id='word_1_250' title='bbox 37 3613 45 3623; x_wconf 33' lang='lat'><em>*</em></span> <span class='ocrx_word' id='word_1_251' title='bbox 68 3662 70 3667; x_wconf 53' lang='lat'>&gt;</span> <span class='ocrx_word' id='word_1_252' title='bbox 139 3642 230 3697; x_wconf 84' lang='lat' dir='ltr'><strong>testas</strong></span> <span class='ocrx_word' id='word_1_253' title='bbox 247 3654 307 3696; x_wconf 93' lang='lat' dir='ltr'><strong>non</strong></span> <span class='ocrx_word' id='word_1_254' title='bbox 323 3632 380 3695; x_wconf 89' lang='lat' dir='ltr'><strong>nisi</strong></span> <span class='ocrx_word' id='word_1_255' title='bbox 397 3632 428 3695; x_wconf 91' lang='lat' dir='ltr'><strong>in</strong></span> <span class='ocrx_word' id='word_1_256' title='bbox 446 3633 475 3694; x_wconf 84' lang='lat' dir='ltr'><strong>vi</strong></span> <span class='ocrx_word' id='word_1_257' title='bbox 489 3631 610 3716; x_wconf 87' lang='lat' dir='ltr'><strong>physica</strong></span> <span class='ocrx_word' id='word_1_258' title='bbox 628 3632 723 3716; x_wconf 89' lang='lat' dir='ltr'><strong>posita</strong></span> <span class='ocrx_word' id='word_1_259' title='bbox 741 3640 834 3704; x_wconf 86' lang='lat' dir='ltr'><strong>esset,</strong></span> <span class='ocrx_word' id='word_1_260' title='bbox 853 3651 931 3714; x_wconf 90' lang='lat' dir='ltr'><strong>qnae</strong></span> <span class='ocrx_word' id='word_1_261' title='bbox 957 3633 1070 3715; x_wconf 84' lang='lat' dir='ltr'><strong>absque</strong></span> <span class='ocrx_word' id='word_1_262' title='bbox 1094 3633 1157 3696; x_wconf 82' lang='lat' dir='ltr'><strong>nlla</strong></span> <span class='ocrx_word' id='word_1_263' title='bbox 1176 3634 1232 3698; x_wconf 89' lang='lat' dir='ltr'><strong>de·</strong></span> <span class='ocrx_word' id='word_1_264' title='bbox 1269 3651 1273 3660; x_wconf 70' lang='grc'>’</span> 
     </span>
     <span class='ocr_line' id='line_1_30' title="bbox 138 3745 1229 3829; baseline -0.002 -16"><span class='ocrx_word' id='word_1_265' title='bbox 138 3747 316 3814; x_wconf 87' lang='lat' dir='ltr'><strong>liberatione</strong></span> <span class='ocrx_word' id='word_1_266' title='bbox 341 3745 515 3829; x_wconf 81' lang='lat' dir='ltr'><strong>simpliciter</strong></span> <span class='ocrx_word' id='word_1_267' title='bbox 540 3754 768 3828; x_wconf 87' lang='lat' dir='ltr'><strong>exsequeretur,</strong></span> <span class='ocrx_word' id='word_1_268' title='bbox 802 3746 881 3829; x_wconf 88' lang='lat' dir='ltr'><strong>quod</strong></span> <span class='ocrx_word' id='word_1_269' title='bbox 908 3745 1064 3823; x_wconf 84' lang='lat' dir='ltr'><strong>judiciaria</strong></span> <span class='ocrx_word' id='word_1_270' title='bbox 1090 3746 1229 3823; x_wconf 80' lang='lat' dir='ltr'><strong>juberet,</strong></span> 
     </span>
     <span class='ocr_line' id='line_1_31' title="bbox 50 3857 1231 3949; baseline 0.001 -23"><span class='ocrx_word' id='word_1_271' title='bbox 50 3890 53 3895; x_wconf 93' lang='lat'><em>·</em></span> <span class='ocrx_word' id='word_1_272' title='bbox 128 3873 229 3949; x_wconf 85' lang='lat' dir='ltr'><strong>-atque</strong></span> <span class='ocrx_word' id='word_1_273' title='bbox 248 3863 290 3926; x_wconf 86' lang='lat' dir='ltr'><strong>ita</strong></span> <span class='ocrx_word' id='word_1_274' title='bbox 309 3861 467 3923; x_wconf 80' lang='lat' dir='ltr'><strong>executiva</strong></span> <span class='ocrx_word' id='word_1_275' title='bbox 489 3867 617 3941; x_wconf 89' lang='lat' dir='ltr'><strong>potestas</strong></span> <span class='ocrx_word' id='word_1_276' title='bbox 634 3866 709 3921; x_wconf 86' lang='lat' dir='ltr'><strong>esset</strong></span> <span class='ocrx_word' id='word_1_277' title='bbox 725 3857 839 3922; x_wconf 85' lang='lat' dir='ltr'><strong>iactum</strong></span> <span class='ocrx_word' id='word_1_278' title='bbox 858 3861 997 3943; x_wconf 80' lang='lat' dir='ltr'><strong>aliquod,</strong></span> <span class='ocrx_word' id='word_1_279' title='bbox 1019 3872 1143 3926; x_wconf 87' lang='lat' dir='ltr'><strong>eventus</strong></span> <span class='ocrx_word' id='word_1_280' title='bbox 1160 3865 1231 3947; x_wconf 84' lang='lat' dir='ltr'><strong>qni-</strong></span> 
     </span>
    </p>
   </div>
   <div class='ocr_carea' id='block_1_3' title="bbox 68 3972 1232 4085">
    <p class='ocr_par' dir='ltr' id='par_1_8' title="bbox 68 3972 1232 4085">
     <span class='ocr_line' id='line_1_32' title="bbox 68 3972 1232 4085; baseline -0.002 -41"><span class='ocrx_word' id='word_1_281' title='bbox 68 3972 72 3988; x_wconf 65' lang='lat'><em>⁴</em></span> <span class='ocrx_word' id='word_1_282' title='bbox 120 3982 208 4044; x_wconf 83' lang='lat' dir='ltr'><strong>&#39;dam</strong></span> <span class='ocrx_word' id='word_1_283' title='bbox 228 4001 344 4053; x_wconf 89' lang='lat' dir='ltr'><strong>rerum,</strong></span> <span class='ocrx_word' id='word_1_284' title='bbox 364 3985 415 4040; x_wconf 85' lang='lat' dir='ltr'><strong>aut</strong></span> <span class='ocrx_word' id='word_1_285' title='bbox 434 3976 512 4039; x_wconf 89' lang='lat' dir='ltr'><strong>actio</strong></span> <span class='ocrx_word' id='word_1_286' title='bbox 532 3975 680 4061; x_wconf 83' lang='lat' dir='ltr'><strong>quaedam</strong></span> <span class='ocrx_word' id='word_1_287' title='bbox 701 3995 718 4037; x_wconf 91' lang='lat' dir='ltr'><strong>a</strong></span> <span class='ocrx_word' id='word_1_288' title='bbox 738 3974 854 4040; x_wconf 86' lang='lat' dir='ltr'><strong>civibus</strong></span> <span class='ocrx_word' id='word_1_289' title='bbox 872 3975 973 4048; x_wconf 86' lang='lat' dir='ltr'><strong>edita,</strong></span> <span class='ocrx_word' id='word_1_290' title='bbox 991 3996 1051 4038; x_wconf 91' lang='lat' dir='ltr'><strong>nou</strong></span> <span class='ocrx_word' id='word_1_291' title='bbox 1071 3997 1143 4071; x_wconf 74' lang='lat' dir='ltr'><strong>vero</strong></span> <span class='ocrx_word' id='word_1_292' title='bbox 1159 4000 1232 4085; x_wconf 74' lang='lat' dir='ltr'><strong>pars</strong></span> 
     </span>
    </p>
   </div>
   <div class='ocr_carea' id='block_1_4' title="bbox 113 4146 1243 4400">
    <p class='ocr_par' dir='ltr' id='par_1_9' title="bbox 113 4146 1243 4400">
     <span class='ocr_line' id='line_1_33' title="bbox 157 4146 1243 4214; baseline 0.001 -18"><span class='ocrx_word' id='word_1_293' title='bbox 157 4153 194 4208; x_wconf 87' lang='lat' dir='ltr'><strong>(t)</strong></span> <span class='ocrx_word' id='word_1_294' title='bbox 211 4150 278 4200; x_wconf 86' lang='lat' dir='ltr'><strong>luter</strong></span> <span class='ocrx_word' id='word_1_295' title='bbox 295 4167 356 4213; x_wconf 87' lang='lat' dir='ltr'><strong>quos</strong></span> <span class='ocrx_word' id='word_1_296' title='bbox 375 4150 398 4196; x_wconf 85' lang='lat' dir='ltr'><strong>iu</strong></span> <span class='ocrx_word' id='word_1_297' title='bbox 416 4150 499 4214; x_wconf 86' lang='lat' dir='ltr'><strong>primis</strong></span> <span class='ocrx_word' id='word_1_298' title='bbox 514 4159 653 4196; x_wconf 72' lang='lat' dir='ltr'><strong>rnunnnrcu</strong></span> <span class='ocrx_word' id='word_1_299' title='bbox 671 4165 709 4212; x_wconf 88' lang='lat' dir='ltr'><strong>op.</strong></span> <span class='ocrx_word' id='word_1_300' title='bbox 721 4148 737 4196; x_wconf 81' lang='lat' dir='ltr'><strong>t.</strong></span> <span class='ocrx_word' id='word_1_301' title='bbox 754 4146 775 4196; x_wconf 89' lang='grc' dir='ltr'><strong>Ι.</strong></span> <span class='ocrx_word' id='word_1_302' title='bbox 790 4165 814 4212; x_wconf 86' lang='lat' dir='ltr'><strong>p·</strong></span> <span class='ocrx_word' id='word_1_303' title='bbox 832 4148 876 4200; x_wconf 77' lang='lat'><strong>29.</strong></span> <span class='ocrx_word' id='word_1_304' title='bbox 891 4153 916 4196; x_wconf 87' lang='lat' dir='ltr'><strong>et</strong></span> <span class='ocrx_word' id='word_1_305' title='bbox 927 4166 952 4214; x_wconf 89' lang='lat' dir='ltr'><strong>p.</strong></span> <span class='ocrx_word' id='word_1_306' title='bbox 965 4146 1001 4213; x_wconf 76' lang='grc' dir='ltr'><strong>30Ι</strong></span> <span class='ocrx_word' id='word_1_307' title='bbox 1012 4150 1037 4196; x_wconf 90' lang='lat' dir='ltr'><strong>in</strong></span> <span class='ocrx_word' id='word_1_308' title='bbox 1058 4155 1112 4197; x_wconf 88' lang='lat' dir='ltr'><strong>not.</strong></span> <span class='ocrx_word' id='word_1_309' title='bbox 1130 4165 1243 4212; x_wconf 83' lang='lat' dir='ltr'><strong>quocum</strong></span> 
     </span>
     <span class='ocr_line' id='line_1_34' title="bbox 122 4241 1241 4310; baseline 0.002 -23"><span class='ocrx_word' id='word_1_310' title='bbox 122 4242 216 4288; x_wconf 61' lang='lat' dir='ltr'><strong>sarciunt</strong></span> <span class='ocrx_word' id='word_1_311' title='bbox 235 4255 407 4289; x_wconf 79' lang='lat' dir='ltr'><strong>nurnnnnnrcn</strong></span> <span class='ocrx_word' id='word_1_312' title='bbox 419 4260 465 4306; x_wconf 81' lang='lat' dir='ltr'><strong>op.</strong></span> <span class='ocrx_word' id='word_1_313' title='bbox 484 4243 504 4290; x_wconf 84' lang='lat' dir='ltr'><strong>t.</strong></span> <span class='ocrx_word' id='word_1_314' title='bbox 523 4241 552 4290; x_wconf 84' lang='lat' dir='ltr'><strong>T,</strong></span> <span class='ocrx_word' id='word_1_315' title='bbox 568 4241 598 4287; x_wconf 85' lang='lat' dir='ltr'><strong>lt·</strong></span> <span class='ocrx_word' id='word_1_316' title='bbox 617 4257 641 4306; x_wconf 89' lang='lat' dir='ltr'><strong>p.</strong></span> <span class='ocrx_word' id='word_1_317' title='bbox 658 4241 705 4298; x_wconf 77' lang='lat'><strong>34,</strong></span> <span class='ocrx_word' id='word_1_318' title='bbox 724 4253 781 4294; x_wconf 75' lang='lat' dir='ltr'><strong>scer.</strong></span> <span class='ocrx_word' id='word_1_319' title='bbox 796 4241 855 4288; x_wconf 81' lang='lat' dir='ltr'><strong>iiber</strong></span> <span class='ocrx_word' id='word_1_320' title='bbox 874 4243 921 4290; x_wconf 85' lang='lat' dir='ltr'><strong>deo</strong></span> <span class='ocrx_word' id='word_1_321' title='bbox 938 4242 1042 4310; x_wconf 73' lang='lat' dir='ltr'><strong>Bepriff</strong></span> <span class='ocrx_word' id='word_1_322' title='bbox 1058 4241 1099 4291; x_wconf 84' lang='lat' dir='ltr'><strong>der</strong></span> <span class='ocrx_word' id='word_1_323' title='bbox 1120 4241 1241 4303; x_wconf 62' lang='lat' dir='ltr'><strong>rotense,</strong></span> 
     </span>
     <span class='ocr_line' id='line_1_35' title="bbox 113 4333 792 4400; baseline 0.001 -17"><span class='ocrx_word' id='word_1_324' title='bbox 113 4345 169 4392; x_wconf 72' lang='lat' dir='ltr'><strong>,etc</strong></span> <span class='ocrx_word' id='word_1_325' title='bbox 190 4351 213 4399; x_wconf 91' lang='lat' dir='ltr'><strong>p.</strong></span> <span class='ocrx_word' id='word_1_326' title='bbox 238 4333 267 4384; x_wconf 86' lang='lat' dir='ltr'><strong>t5</strong></span> <span class='ocrx_word' id='word_1_327' title='bbox 282 4335 306 4382; x_wconf 82' lang='lat' dir='ltr'><strong>in</strong></span> <span class='ocrx_word' id='word_1_328' title='bbox 326 4342 396 4396; x_wconf 85' lang='lat' dir='ltr'><strong>oot.,</strong></span> <span class='ocrx_word' id='word_1_329' title='bbox 413 4341 438 4382; x_wconf 88' lang='lat' dir='ltr'><strong>ot</strong></span> <span class='ocrx_word' id='word_1_330' title='bbox 456 4346 587 4381; x_wconf 78' lang='lat' dir='ltr'><strong>nurensnn</strong></span> <span class='ocrx_word' id='word_1_331' title='bbox 609 4350 647 4396; x_wconf 87' lang='lat' dir='ltr'><strong>op.</strong></span> <span class='ocrx_word' id='word_1_332' title='bbox 664 4335 681 4384; x_wconf 91' lang='lat' dir='ltr'><strong>l.</strong></span> <span class='ocrx_word' id='word_1_333' title='bbox 698 4335 714 4400; x_wconf 66' lang='grc' dir='ltr'><strong>ξ</strong></span> <span class='ocrx_word' id='word_1_334' title='bbox 732 4336 792 4388; x_wconf 75' lang='grc'><strong>471.</strong></span> 
     </span>
    </p>
   </div>
   <div class='ocr_carea' id='block_1_5' title="bbox 0 0 1412 5324">
    <p class='ocr_par' dir='ltr' id='par_1_10' title="bbox 0 0 1412 5324">
     <span class='ocr_line' id='line_1_36' title="bbox 0 0 1412 5324; baseline 0 0"><span class='ocrx_word' id='word_1_335' title='bbox 0 0 1412 5324; x_wconf 95' lang='lat' dir='ltr'><strong> </strong></span> 
     </span>
    </p>
   </div>
  </div>
 </body>
</html>
