2806 5324
661 351 714 428 ld

191 541 234 607 1⁰.
257 537 323 626 lpse
340 540 554 623 :declarationis
579 541 683 607 titulus
707 550 807 635 aperte
831 541 921 619 dicit,
945 540 1155 607 illam-tactam
1173 559 1243 608 esse

144 656 209 720 «at
230 656 410 721 declaranda
427 654 539 734 inraet
558 656 710 722 libertates
733 644 888 741 (tibertus)
909 657 1118 730 subditorum,
1142 667 1173 720 et
1194 657 1237 720 ad

147 769 371 845 oedebniendum
398 768 440 850 (to
469 766 525 855 pir)
553 770 687 834 ordinem
703 770 896 836 successionis
914 771 952 834 ad
971 792 1107 852 regnum
1120 797 1135 833 »
1157 769 1242 852 Ergo

136 903 221 970 guae
241 884 279 947 ad
300 881 467 949 libertatern
485 883 603 967 populi,
627 905 765 969 quaeque
783 887 821 950 ad
842 886 975 949 ordinem
992 886 1187 950 successionis
1206 884 1242 949 in

45 975 47 979 .
141 1017 266 1080 regnum
292 996 481 1080 spectabant,
508 995 613 1061 eadem
640 999 705 1079 lege
728 999 976 1072 continebantur,
1000 999 1087 1084 qnasi
1103 1019 1164 1062 una
1185 1018 1240 1060 ea-

141 1111 270 1195 demque
289 1131 335 1175 res
353 1119 446 1186 esset,
470 1119 565 1175 totum
583 1114 734 1197 quoddam
749 1113 946 1198 inseparabile
964 1123 993 1177 et
1013 1113 1240 1178 correlativnm.

138 1225 349 1309 intelligebant
364 1225 445 1318 enim
462 1226 594 1301 omnino,
608 1227 718 1292 violato
733 1227 798 1306 jure
815 1227 1025 1301 successionis,
1039 1226 1194 1290 civitatem
1205 1224 1238 1290 in

139 1336 349 1424 rempublicam
366 1339 572 1422 degenerare,
608 1351 660 1405 ant
687 1342 767 1424 quod
787 1341 871 1425 pejus
888 1343 981 1405 etiam
1001 1341 1095 1414 foret,
1119 1341 1151 1405 in
1166 1349 1239 1405 tur·

138 1455 292 1536 buleutam
311 1455 559 1538 acperniciosem
579 1452 798 1520 monarchiam.
858 1474 860 1479 ’

144 1633 148 1639 ,
178 1569 247 1653 ΝιεοΙ
261 1552 368 1632 deinde
386 1568 458 1632 alibi
478 1569 640 1632 declaratio
659 1569 715 1633 ista
733 1569 780 1647 jus
798 1568 949 1654 quoddam
966 1567 1081 1633 inducit
1093 1588 1162 1641 eos,
1183 1568 1238 1652 qui

23 1757 30 1763 ,
137 1691 263 1771 regunt,
287 1682 436 1763 eligendi,
462 1703 566 1749 verum
584 1703 718 1767 expresse
736 1683 800 1756 ait,
825 1682 892 1746 aad
912 1703 1033 1765 pacem,
1044 1767 1046 1770 y
1057 1683 1235 1766 tranquilli-

140 1804 258 1861 »tatem
282 1796 533 1880 securitatemque
560 1797 645 1882 regni
661 1796 792 1860 omnino
828 1796 1029 1860 necessarium
1065 1815 1144 1868 esse,
1180 1816 1238 1860 nec

141 1912 263 1994 ominus
290 1910 448 1994 expediens
474 1911 605 1988 nationi,
631 1917 664 1974 ut
684 1909 758 1974 ordo
776 1905 970 1975 successionis
987 1915 1085 1974 certus
1103 1932 1140 1972 oc
1156 1909 1235 1998 defi-

140 2050 157 2093 »
167 2021 248 2104 mitem
263 2021 294 2088 in
311 2031 461 2110 posterum
476 2030 627 2097 servetur,
647 2024 689 2089 od
705 2047 791 2111 quom
806 2021 919 2089 subditi
931 2029 1076 2110 tauquam
1089 2021 1131 2086 od
1144 2044 1239 2109 praev

141 2136 275 2205 »efretum
293 2159 409 2225 semper
426 2136 591 2224 confugere
609 2135 734 2224 possint.
746 2164 761 2202 u

141 2314 145 2325 ,
184 2253 320 2320 Vidimus
337 2271 456 2336 quoque
476 2271 564 2334 supra
590 2253 663 2315 adeo
685 2252 725 2315 ab
747 2252 802 2315 isto
829 2250 895 2329 jure
913 2271 1012 2333 regem
1030 2250 1157 2336 eligendi
1175 2251 1260 2315 ab-'

104 2395 106 2399 ·
142 2359 291 2450 borrnisse
310 2366 463 2451 primarios
481 2366 512 2429 in
531 2366 651 2430 civitate
661 2367 756 2440 vims,
768 2376 801 2430 ut
811 2367 905 2451 primo
917 2367 1037 2451 quidem
1046 2365 1084 2428 ad
1093 2385 1237 2447 regnum,

143 2481 221 2564 quod
251 2502 360 2544 vocare
385 2480 558 2554 dicebatur,
601 2501 659 2543 non
689 2501 904 2554 ournrnnuon,
940 2480 992 2543 sed
1022 2499 1143 2542 uxorem
1171 2477 1240 2556 eius

143 2613 283 2676 naerens,
306 2593 397 2658 filiam
415 2616 539 2669 raconr,
563 2595 725 2659 liberorum
748 2593 811 2673 ejus
830 2603 904 2658 natu
928 2593 1105 2667 maximam,
1128 2613 1239 2658 vocare

141 2698 307 2789 potuerint,
331 2719 360 2773 et
377 2711 576 2785 accessionem
595 2709 703 2773 deinde
723 2730 884 2772 cornicem
901 2729 960 2773 nou
977 2706 1035 2771 nisi
1051 2711 1172 2794 cogente
1184 2729 1240 2770 nc-

139 2819 293 2898 cessitate,
317 2824 518 2903 nutriebant,
543 2823 739 2908 permiserint.
769 2822 867 2906 thue
887 2820 992 2884 melius
1008 2817 1239 2900 adbucsignili-

143 2945 264 3013 carent,
287 2956 351 3016 sese
367 2937 532 3020 jusregem
547 2937 680 3018 eligendi
700 2923 756 3000 sibi
779 2954 920 3016 arrogare
938 2955 997 2999 non
1014 2932 1108 3005 velle,
1121 2953 1241 3006 summa

141 3058 206 3128 erte
225 3058 256 3113 et
273 3049 428 3132 diligentia
443 3050 564 3134 brevem
583 3052 665 3114 illam
683 3049 929 3134 interruptionem
948 3045 1059 3110 ordinis
1074 3047 1239 3110 successio·

139 3162 199 3241 pis·
220 3162 352 3242 omnium
378 3162 479 3227 oculos
501 3165 606 3229 celare
633 3165 822 3229 studuerunt.
864 3162 1067 3246 Respicientes
1086 3160 1171 3222 enim
1199 3160 1239 3223 ad

139 3286 211 3345 acta
227 3277 385 3360 agnitionis
401 3276 521 3359 reginae
541 3301 746 3343 secernerem
765 3287 794 3341 et
815 3299 921 3342 Jacoor
937 3277 970 3352 l,
1004 3275 1039 3338 in.
1053 3274 1239 3358 quibusna-

139 3397 208 3469 tnra
222 3441 224 3445 .
239 3391 431 3471 monarchiae
465 3392 645 3457 hereditaria
675 3401 739 3456 tarn
773 3410 906 3476 expresse
930 3396 1130 3463 memoratur,
1162 3385 1238 3451 baec

23 3509 25 3513 ’
140 3501 323 3567 verbotenus
337 3505 399 3568 lere
416 3506 513 3586 secuti,
524 3507 696 3584 declarant:
720 3527 779 3571 «se
796 3526 968 3593 persuasum
981 3504 1039 3568 sibi
1056 3502 1166 3567 babere
1187 3502 1239 3566 in-

146 3612 252 3696 »signe
270 3636 333 3697 esse
350 3600 457 3684 munus
475 3606 686 3686 Providentiae
704 3641 739 3684 ac
759 3621 903 3705 propitiae
928 3619 1069 3685 bonitatis
1087 3618 1148 3682 net
1160 3639 1239 3701 erga

144 3726 248 3795 »banc
266 3733 435 3808 nationem,
459 3735 703 3819 personasregias
721 3733 912 3813 Maiestatnm
930 3733 1057 3825 Snarnm
1075 3735 1240 3798 incolumes

144 3862 253 3918 nesse,
274 3865 385 3929 easque
400 3846 526 3912 feliciter
545 3848 576 3912 in
595 3848 670 3912 solio
685 3836 814 3912 'ovorum
834 3868 953 3911 suorum
978 3847 1240 3931 insidere:.seqne

130 3976 224 4040 ‚repro
242 3955 300 4023 boc
311 3958 470 4035 beneficio,
489 3982 525 4024 er
542 3961 646 4025 intimo
665 3961 765 4025 animo
783 3981 885 4046 preces
904 3971 933 4023 et
948 3963 1058 4042 gratias
1075 3936 1240 4026 adcoelum
1300 3987 1301 3994 ¹

146 4069 330 4137 »dimittere
342 4100 357 4139 u
379 4073 425 4139 Ac
442 4077 529 4161 paulo
546 4075 669 4141 inferius
685 4095 749 4139 sese
766 4095 925 4157 agnoscere
936 4076 1126 4159 profitentur,
1143 4079 1241 4144 «Re-

146 4206 238 4267 »gem
268 4196 298 4253 et
326 4188 490 4270 Reginam,
536 4187 679 4252 omnibns
698 4209 825 4253 coronae
854 4192 1074 4274 praerogativis
1099 4169 1243 4274 legitimis

146 4297 274 4382 plangi,
299 4301 413 4385 basque
430 4303 460 4366 in
477 4303 535 4392 illis
554 4304 660 4388 plene,
684 4303 815 4389 bonoque
830 4301 917 4389 p'urc,
942 4311 1035 4395 atque
1048 4299 1241 4392 integerrime
