2806 5324
654 367 731 444 158

142 554 192 620 die
219 540 375 626 habuerit,
398 553 525 618 multam
544 564 644 622 tameo
669 558 708 622 ad
734 558 905 622 libertatern
931 555 1108 620 contulisse:
1148 576 1249 620 «sans

146 670 262 733 »doute
286 666 507 748 l’orgaoisation
532 669 585 735 des
612 692 784 738 communes
808 674 850 737 du
870 674 924 738 12ο
944 672 1034 737 siecle
1051 678 1082 735 el
1098 670 1248 752 I'organi-

148 786 270 849 »sation
296 781 568 850 constitutionnelle
586 787 624 851 de
644 788 686 854 89
695 808 734 851 ou
745 786 783 851 de
795 787 894 863 1830,
906 790 1128 871 n'empruntent
1138 803 1194 868 pas
1204 782 1248 846 les

149 897 287 961 »memes
304 897 421 971 forces:
446 900 529 965 l'tr'tot
548 899 585 966 de
603 903 634 966 lu
652 900 757 993 socidtd
776 925 813 967 nc
831 903 859 967 lc
879 897 1049 987 permeruit
1066 919 1144 984 pus,·
1167 898 1248 961 mais
1265 933 1268 937 ·

150 996 266 1075 »lidie
291 1010 328 1076 ds
355 1013 462 1078 liberte
483 1013 698 1091 individuelle,
731 1014 770 1079 de
800 1013 937 1098 garantia
965 1014 1110 1099 publique
1135 1022 1180 1078 est
1208 1032 1250 1077 au

149 1126 246 1191 »lond
275 1128 313 1192 de
334 1148 384 1192 ces
407 1129 486 1193 deur
510 1128 693 1197 revolutions
712 1132 851 1215 separdes
868 1148 923 1214 par
942 1129 986 1193 six
1002 1129 1154 1199 sieclesur
1177 1136 1250 1193 tan·

148 1242 241 1308 »dem
265 1243 434 1321 concludit,
459 1243 637 1336 hodiernam
663 1243 870 1310 monarchiam
894 1243 971 1308 nihil
992 1243 1060 1310 novi
1075 1243 1249 1316 continere,

149 1377 352 1445 »omnemque
370 1360 540 1425 libertatem
559 1358 673 1438 eriora
691 1358 810 1444 populi,
834 1359 944 1445 quihus
965 1358 1056 1423 hodie
1072 1357 1201 1433 fruitur,
1216 1356 1249 1421 in

148 1472 236 1557 »ipsa
254 1473 379 1558 antiqua
397 1474 572 1539 monarchia
587 1482 660 1538 nata
677 1493 758 1538 esse:
783 1494 798 1531 n
808 1494 863 1557 par
880 1474 1028 1538 l'examen
1049 1470 1175 1561 attentis
1193 1471 1247 1535 des

150 1610 166 1650 u
175 1585 349 1673 principans
375 1587 445 1654 laits
469 1589 507 1654 de
533 1598 619 1654 notre
643 1574 749 1652 ancien
778 1586 856 1652 droit
882 1588 1002 1674 public,
1028 1607 1103 1651 nous
1120 1604 1251 1651 sommes

151 1703 289 1772 »arrives
307 1707 325 1768 a
342 1713 419 1768 cette
437 1702 629 1777 conclusion,
652 1724 771 1790 quernos
784 1701 946 1768 libertdsne
960 1701 1131 1778 werinus
1141 1695 1251 1763 dicier.

152 1843 167 1879 u
178 1816 257 1882 Elles
267 1828 318 1883 ont
329 1820 357 1882 la
367 1817 492 1898 maieste
501 1816 542 1882 du
550 1825 658 1904 temps,
668 1839 783 1882 comme
794 1818 824 1883 la
835 1818 948 1901 dignita
957 1815 993 1881 de
1004 1817 1034 1881 lo
1044 1810 1149 1879 raison
1162 1837 1179 1876 u
1190 1812 1251 1898 (l).

156 1931 157 1936 ’
191 1931 223 1995 2.
245 1971 288 1982 -
310 1932 403 1996 Porro
420 1941 503 1996 arcta
511 1930 569 1997 ista
586 1931 779 1995 monarchiae
789 1930 1038 1996 constitutionalis
1047 1950 1115 1994 cum
1125 1927 1254 2013 antiqua

135 2046 212 2113 'sive
228 2046 355 2131 simplici
372 2047 563 2124 monarchia,
577 2047 675 2132 qualis
683 2068 718 2112 er
726 2055 834 2112 natura
842 2065 942 2110 rerum
952 2064 1015 2108 esse
1025 2045 1132 2118 debet,
1144 2065 1255 2110 neces-

123 2216 125 2222 .
154 2161 255 2227 situdo
284 2172 314 2227 ct
341 2172 480 2229 constans
507 2163 585 2227 inter
600 2172 761 2247 utramque
777 2159 941 2226 similitudo
959 2159 1066 2225 melina
1085 2160 1186 2227 adhuc
1205 2162 1255 2228 in-

153 2275 314 2359 telligitur,
337 2278 363 2342 si
386 2276 563 2344 observetur
579 2276 679 2352 varia,
704 2295 784 2362 quae
803 2273 996 2340 monarchiae
1015 2276 1255 2342 constitutionali

152 2391 245 2456 tribui
258 2392 355 2455 solent
371 2389 511 2464 nomina,
535 2391 641 2454 cadem
659 2391 808 2476 aptissime
822 2390 917 2456 cnivis
936 2364 1146 2467 monarchiae,
1159 2392 1256 2457 etiam

150 2500 211 2570 ‘non
236 2503 491 2578 constitutionali‚
523 2506 693 2572 convenire.
733 2505 780 2570 lta
802 2506 930 2592 primum
955 2504 1077 2593 quidem
1111 2528 1256 2573 nonnun-

153 2641 245 2708 quam
274 2619 443 2704 appallatur
468 2618 602 2702 regimen
625 2620 910 2705 repraesentativum
937 2620 1180 2708 (gourememcnt
1205 2622 1254 2688 νέ-

155 2732 1255 2824 prelatis)velmonarchiarepraesentativa(monarcdierc'prdscntutine).

154 2853 238 2917 Inter
261 2853 340 2936 ipsas
369 2859 470 2916 autern
486 2850 566 2932 leges
585 2847 825 2914 fundamentales
841 2849 1048 2926 monarchiae,
1069 2850 1257 2936 sinequihus

156 2965 294 3031 universe
303 2966 464 3030 consistere
474 2985 534 3028 non
542 2973 732 3048 potest,eam
742 2986 862 3050 quoque
872 2965 1166 3040 memoravimus,ut
1174 2966 1260 3031 adsit

152 3085 300 3163 'magnum
323 3081 420 3162 gentis
445 3079 618 3156 concilium,
646 3079 727 3165 quod
744 3079 836 3145 totius
855 3077 985 3144 civitatis
1003 3079 1083 3170 vices
1098 3081 1259 3149 sustineat.

155 3194 311 3282 Numquid
330 3195 411 3260 alind
433 3195 504 3280 qnid
521 3204 566 3258 est
584 3194 830 3278 repraesentatio,
841 3215 919 3279 qnae
929 3196 1063 3261 cernitur
1075 3206 1104 3260 et
1114 3196 1260 3263 landatur

157 3310 234 3375 adeo
250 3311 282 3374 in
292 3308 467 3376 monarchia
479 3308 733 3376 constitutionalii
744 3307 829 3395 Sed,
849 3317 883 3394 ut
895 3310 1003 3379 certior
1011 3309 1078 3390 lias,
1096 3312 1153 3378 hoc
1164 3314 1258 3380 addo.

158 3427 307 3492 Nimirum
324 3427 362 3489 ab
383 3425 535 3498 omnihus,
556 3424 606 3507 qui
627 3424 928 3507 repraesentationem
948 3426 1031 3489 illam
1049 3429 1206 3514 proprium
1222 3450 1259 3494 ac

155 3548 270 3608 'novum
296 3539 545 3605 constitutionalls
563 3537 755 3602 monarchiae
777 3538 1009 3617 emolumentum
1029 3560 1091 3606 esse
1108 3541 1261 3611 arbitran-

157 3664 225 3730 tnr,
243 3662 358 3719 certum
375 3662 557 3719 memoratur
574 3652 741 3726 criterium,
762 3672 822 3736 quo
839 3652 940 3717 statim
956 3657 1193 3738 repraesentatio
1208 3659 1262 3723 di-

157 3772 260 3855 gnosci
277 3769 387 3856 possit,
408 3769 455 3849 jus
474 3791 516 3835 sc.
531 3768 644 3832 tributa
663 3766 858 3839 concedendi,
881 3766 923 3832 Ar
944 3788 1030 3859 vero,
1042 3769 1116 3835 haec
1128 3772 1260 3840 tributo·

158 3907 224 3952 rum
256 3887 421 3960 consessio,
454 3885 497 3949 uti
524 3902 613 3966 supra
637 3881 842 3968 exposuimus,
865 3881 897 3946 in
914 3886 1020 3966 quavis
1031 3887 1206 3955 monarchia
1226 3912 1262 3956 er

189 4091 231 4150 (l)
248 4088 304 4140 Vid.
329 4087 449 4138 Discursus
466 4084 589 4151 prononod
606 4083 621 4132 ri
638 4086 662 4133 lu
680 4081 774 4132 cldturc
792 4083 826 4132 du
843 4098 914 4132 ccurs
931 4100 975 4133 sur
992 4083 1116 4135 l'lrr'stcirc
1133 4089 1175 4137 des
1192 4090 1271 4142 iusti.

147 4183 243 4232 tuliore
264 4183 399 4248 poliliques
426 4189 451 4228 et
467 4179 690 4234 administratines,
710 4192 753 4240 par
771 4187 800 4226 nt.
817 4176 990 4238 nrrrnnrunr,
1007 4179 1142 4242 prolcsseur
1158 4182 1172 4231 d
1191 4184 1215 4234 la
1233 4186 1271 4236 la·

147 4273 214 4322 cotra
239 4275 270 4324 de
294 4274 367 4323 Droit
392 4273 423 4322 dc
449 4274 559 4324 Renum,
586 4297 618 4308 -
644 4271 727 4320 Reuuc
745 4272 774 4320 de
798 4269 943 4335 ldpistution
961 4279 989 4320 ot
1005 4274 1034 4323 de
1051 4274 1287 4342 lurisprudencc„

146 4369 177 4423 T,
195 4368 260 4419 VIII.
280 4365 306 4418 [ιθ
323 4370 375 4418 lier·
393 4384 418 4432 p.
437 4364 495 4420 366.
516 4365 580 4415 Puris
600 4361 675 4415 1838.
