2806 5324
686 406 887 478 o.

152 598 263 655 etatum
277 592 379 676 pacis,
399 611 470 657 casu
489 599 519 655 et
537 590 577 655 ad
599 600 714 676 tempus
731 592 850 658 sublato
866 592 939 659 belli
955 593 1096 674 objecto?
1115 593 1147 658 Si
1166 614 1243 663 vero

151 705 208 770 hoc
233 696 344 770 statum
368 706 561 791 primordium
585 717 734 783 mutaret,
753 709 907 774 idem-erit
926 709 1025 775 dicere
1045 710 1134 793 tigres
1154 734 1185 780 v.
1207 735 1239 777 c.

151 819 311 904 aliquando
328 819 359 884 in
375 839 450 904 pace
466 820 584 896 vivere,
603 821 673 906 quia
691 822 830 886 continuo
845 821 957 906 praeda
971 844 1032 891 non
1049 824 1142 890 adest.
1154 825 1239 890 Nus·

152 952 241 1017 quam
263 934 333 1014 e‘rgo
360 933 567 999 intermedium
590 936 667 1001 illud
693 936 854 1001 invenitur.
884 937 956 1029 Jam
971 944 1073 1005 anun
1088 937 1121 1001 in
1137 939 1239 1022 prima

155 1045 334 1131 hypothesi,
364 1068 432 1113 cum
459 1049 553 1113 brutis
570 1048 629 1113 illis
648 1049 817 1115 hominibus
834 1050 974 1115 continuo
991 1050 1241 1131 belligerantibus

152 1163 254 1228 nullae
272 1163 351 1245 leges
368 1161 484 1227 frenum
503 1171 555 1226 aut
569 1162 690 1227 modum
702 1163 902 1246 imponerent.
918 1162 1007 1228 lacile
1017 1162 1135 1248 quidem
1145 1161 1238 1227 intel·

150 1277 271 1360 ligitur,
298 1296 348 1341 eos
368 1295 431 1340 sese
446 1276 576 1343 invicem
594 1277 633 1340 ad
650 1277 789 1341 ultimum
806 1297 900 1364 usque
917 1279 1091 1362 exstirpare
1113 1278 1166 1342 sed
1185 1299 1239 1343 eos

150 1391 321 1456 societatem
347 1391 423 1454 inire
446 1391 593 1475 potuisse,
625 1411 748 1457 omnem.
768 1401 888 1476 captum
915 1400 1044 1475 superat.
1074 1391 1135 1470 Qui
1162 1411 1238 1459 vero

148 1516 261 1572 statum
280 1506 363 1592 pacis
383 1507 516 1588 eligunt,
531 1504 620 1590 (quae
638 1514 739 1572 tamen
757 1507 835 1571 inter
850 1505 1238 1571 hominesrationislumine

149 1633 180 1688 et
207 1622 291 1702 justis
313 1621 427 1702 legibus
448 1619 535 1705 plane
563 1619 719 1685 destitutos
742 1619 891 1706 quomodo
917 1619 1080 1685 constiterit
1100 1619 1235 1706 nescio),

149 1737 232 1802 haud
246 1737 402 1831 meliorem
421 1734 502 1800 viam
519 1733 737 1816 ingrediuntur.
751 1735 869 1800 Etenim
878 1734 950 1821 quid
960 1736 1108 1800 hominem
1115 1755 1237 1801 summa

148 1871 222 1936 pace
239 1861 268 1917 et
286 1842 500 1934 tranquillitate
517 1847 664 1912 fruentem
683 1849 834 1933 impellere
853 1849 964 1934 potuit,
975 1858 1008 1914 ut
1017 1849 1150 1913 insuetae
1160 1869 1235 1914 con·
1272 1884 1275 1889 ·

31 2022 48 2047 1,
146 1965 265 2030 ditionis
283 1965 499 2035 vicissitudines
516 1965 666 2048 explorare
686 1963 839 2034 voluerit?
862 1960 1235 2050 Ignotinullocuprfdow-
1261 1975 1264 1978 ’

147 2078 251 2144 Tertio
278 2081 418 2157 tandem,
445 2102 503 2167 quo
528 2090 616 2164 pacto
640 2079 811 2144 societatem
837 2078 895 2142 sibi
914 2061 1148 2143 formaverunt?
1173 2097 1232 2142 nee

145 2194 225 2258 enim
252 2194 431 2270 orationem,
456 2217 511 2260 nec
538 2195 683 2259 rationem
710 2193 880 2267 habebant,
902 2212 941 2256 ne
960 2193 1090 2274 cogitare
1107 2191 1231 2277 quidem

145 2319 292 2394 poterant.
314 2308 471 2387 Quomodo
489 2310 580 2391 igitur
595 2317 804 2394 perspexerunt
825 2307 1060 2372 imbecillitatem
1079 2325 1182 2378 suam.
1198 2315 1232 2371 et

143 2423 298 2508 quomodo
317 2420 630 2498 intellexerunt'simul
646 2442 679 2488 se
696 2423 759 2487 lore
780 2421 935 2498 fortiores,
953 2420 1026 2486 siin
1044 2441 1136 2484 uuum
1156 2441 1230 2483 con-

142 2535 303 2602 venirent?
330 2536 408 2602 Hinc
430 2536 528 2622 potius
547 2559 663 2611 omnes,
684 2559 746 2624 quo
763 2538 968 2603 difficultatem
985 2557 1045 2600 uno
1062 2535 1124 2600 ictu
1141 2555 1230 2620 prae·

143 2651 295 2726 ciderent,
312 2639 587 2737 societatem‘pucto
597 2650 687 2716 tacito
696 2651 786 2718 luisse
795 2651 899 2715 initam
910 2650 1057 2714 dixerunt.
1068 2649 1228 2727 Quaenam

140 2787 212 2832 vero
229 2767 294 2833 voci
313 2764 403 2830 tacito
420 2767 464 2833 vis
484 2767 658 2842 inhaereat,
676 2768 794 2852 penitus
809 2767 928 2849 ignoro,
941 2764 997 2829 nisi
1007 2765 1228 2830 commoditatis

140 2900 225 2976 ergo,
246 2891 280 2945 ut
298 2898 403 2964 nempe
422 2879 460 2948 ab
478 2881 557 2944 omni
572 2881 771 2965 explicatione
787 2880 945 2954 liberaret,
968 2877 1023 2942 hoc
1043 2878 1227 2943 taciturnum

141 3003 260 3079 pactum
279 2994 369 3058 fuerit
386 2995 594 3076 excogitatum.
617 3031 660 3043 -
680 2994 725 3057 Ex
742 2993 824 3058 hisce
842 3001 943 3057 autem
960 2993 1096 3057 omuibus
1107 2993 1226 3079 [omitto

138 3111 223 3195 plura
250 3111 309 3174 alia
332 3111 519 3195 argumenta)
545 3111 612 3174 luce
637 3109 746 3174 clarius
774 3116 874 3193 patet,
894 3116 990 3172 totum
1006 3108 1091 3171 illum
1111 3117 1225 3173 statum

138 3225 324 3299 naturalem,
350 3245 441 3310 >quem
467 3233 536 3288 aute
551 3224 723 3305 societatem
743 3222 887 3286 exstitisse
908 3228 1098 3308 supponunt,
1118 3221 1143 3285 si
1159 3241 1226 3287 rem

136 3361 191 3405 suo
213 3340 330 3405 nomine
352 3360 459 3410 voees,
481 3337 557 3403 nihil
575 3338 657 3402 aliud
676 3357 738 3401 esse
757 3356 847 3423 quam
864 3337 1060 3402 miserrimam
1075 3335 1223 3402 fabulam.

160 3489 163 3496 ·
179 3455 212 3518 2.
234 3492 276 3507 -
298 3455 368 3518 Jam
386 3464 497 3518 autem·
504 3452 593 3517 rebus
615 3453 665 3517 illo
682 3452 771 3516 modo
789 3450 966 3538 perspectis,
983 3448 1133 3519 societatis
1150 3473 1223 3535 pro-

23 3587 26 3595 ·
137 3569 247 3650 gressio
257 3579 286 3633 et
298 3570 384 3651 origo*
392 3568 521 3636 civitatis
536 3567 627 3631 lacile
642 3568 781 3651 explicari
799 3575 908 3659 potesta
928 3565 1101 3630 Humanum
1118 3584 1224 3651 nempe

136 3702 231 3764 genus
245 3692 348 3767 sponte
365 3702 420 3746 sna
436 3702 454 3744 a
472 3683 635 3747 domestico
649 3703 701 3746 seu
729 3683 832 3748 nativo
859 3691 941 3746 statu
967 3680 1006 3745 ad
1032 3687 1144 3746 statum
1166 3701 1223 3765 pu·

135 3796 248 3860 blicum
266 3817 318 3860 seu
339 3796 506 3859 naturalem
523 3796 673 3880 pervenit3
694 3797 768 3861 adeo
789 3805 823 3860 nt
843 3795 1006 3860 domestica
1024 3797 1150 3861 societas
1170 3818 1224 3865 ve·
1285 3782 1289 3788 ”

105 3966 108 3973 .
136 3912 192 3976 lut.
208 3909 387 3974 introductio
411 3909 501 3975 luerit
521 3911 560 3973 ad
578 3909 746 3985 civitatem,
770 3930 846 3996 quae
863 3910 1077 3995 perfectissima
1094 3909 1250 3976 hahetur*
1284 3925 1289 3928 ’

133 4026 267 4089 societas.
291 4025 377 4088 Hanc
403 4024 571 4088 naturalem
598 4024 728 4090 civitatis
753 4025 898 4108 originem
917 4026 1002 4117 nobis
1022 4028 1139 4109 egregio
1156 4028 1223 4092 loco

131 4137 306 4219 significavit
323 4119 442 4209 cronno.
458 4161 479 4216 ¹u
491 4140 592 4204 Prima
602 4141 742 4216 societas,
755 4141 867 4227 inquit,
886 4141 916 4206 in
933 4141 995 4226 ipso
1010 4141 1147 4223 conjugio
1158 4152 1216 4217 est,

134 4254 290 4336 »proxima
317 4257 348 4319 iu
373 4254 487 4319 liberis:
513 4255 622 4337 deinde
640 4276 702 4338 una
719 4255 840 4331 domus,
861 4255 1030 4321 communia
1050 4255 1160 4320 omnia.
1184 4257 1220 4338 ld

130 4375 255 4432 »autem
284 4378 328 4433 est
353 4368 530 4456 principium
553 4370 637 4438 urbis
661 4380 690 4447 et
711 4371 795 4457 quasi
815 4371 1006 4437 seminarium
1026 4371 1218 4457 reipublicae.
