2806 5324
692 355 744 431 82

178 536 240 600 luta
256 536 308 610 sit,
329 537 448 603 omnino
464 540 634 606 addendum
647 541 828 607 «seeundum
838 541 1166 632 teges-fundumentum
1176 568 1191 607 u
1203 543 1273 631 (1).

195 658 197 665 '
220 650 261 715 Ut
283 652 373 734 igitur
391 654 508 739 bnperii
526 655 709 721 monarchici
727 666 834 721 natura
852 666 932 721 recte
951 656 1123 738 investigari
1141 676 1159 720 a
1177 659 1270 723 nobis

175 765 286 849 possit,
315 748 442 851 primum
468 770 588 855 quidem
606 769 786 844 ridendum,
818 771 889 855 quid
906 769 966 835 sint
983 770 1063 852 leges
1079 769 1268 836 fundamen-

176 879 260 943 tales.
283 880 392 945 Verum
414 891 448 946 ut
467 881 520 947 has
538 885 596 947 rite
611 892 727 972 quoqne
748 885 940 963 definiamus,
962 885 1000 949 ad
1019 885 1114 968 ipsam
1131 885 1267 954 ciuitatis

176 994 326 1058 notionem
348 998 561 1062 recurrendum
583 998 712 1063 ridetur.
920 984 922 989 ¹

217 1106 299 1187 Quid
326 1118 425 1174 autem
451 1120 496 1176 est
521 1112 645 1176 societas
663 1111 782 1196 politica
798 1112 860 1178 sive
877 1112 1007 1179 civitas?
1036 1113 1122 1194 c'ujus
1141 1115 1267 1201 quidem

175 1226 408 1291 commodissima
433 1224 506 1289 haec
533 1226 653 1293 videtur
679 1225 828 1301 delinitio,
858 1227 936 1311 quod
966 1229 1004 1292 sit
1026 1230 1188 1295 multorum
1207 1231 1267 1296 ho·

172 1340 285 1403 minum
313 1341 438 1404 societas
466 1339 504 1404 ad
529 1339 784 1406 'conservationem
812 1360 998 1405 communem
1021 1343 1262 1423 conjunctorum.

171 1455 281 1543 Estque
299 1457 389 1539 igitur
409 1455 482 1520 baec
502 1455 627 1519 societas
645 1476 751 1538 corpus
770 1456 882 1520 morale
903 1456 1071 1541 quoddam,
1100 1460 1180 1546 quod
1201 1483 1264 1526 uno

171 1571 289 1636 nomine
319 1571 509 1653 distinguitur
534 1579 622 1657 atque
647 1571 829 1652 dignoscitur
857 1592 875 1634 a
903 1572 1034 1658 personis
1053 1574 1177 1659 privatis
1198 1576 1263 1642 sire

171 1683 413 1773 particularibus,
437 1705 473 1748 er
494 1684 605 1769 quibus
622 1684 673 1748 illa
696 1692 822 1748 constat.

213 1799 359 1863 Personae
380 1807 479 1861 autem
496 1798 583 1874 illae,
604 1817 639 1861 ex
655 1797 762 1884 quibus
782 1798 888 1865 civitas
905 1809 1034 1876 constat,
1054 1799 1143 1867 variis
1162 1800 1262 1865 modis

169 1902 247 1976 inter
268 1931 299 1975 se
322 1912 501 1977 considerari
523 1922 658 1997 possunt,
685 1911 736 1998 qui
755 1913 839 1977 'modi
860 1911 1019 1979 relationes
1040 1923 1196 1982 vocantur.

211 2025 383 2090 Relationes
402 2028 476 2090 istae
494 2023 677 2092 necessariae
694 2048 756 2090 esse
776 2027 902 2102 debent,
920 2028 941 2093 i.
962 2048 1006 2104 e.‚
1027 2049 1062 2092 er
1078 2028 1141 2113 ipsa
1158 2049 1262 2094 rerum

168 2152 276 2206 natura
304 2141 473 2217 derivatae,
503 2152 555 2207 aut
579 2143 694 2226 potius,
725 2143 878 2208 homiuum
898 2143 929 2206 in
950 2141 1071 2208 civitate
1091 2142 1261 2211 viventium

167 2266 292 2322 naturae
314 2269 518 2340 congruentes.
696 2338 699 2345 .

211 2372 390 2451 Huiusmodi
418 2363 575 2435 relationes
601 2370 783 2448 necessariae
804 2369 944 2436 dicuntur
961 2373 1050 2461 teges.
1072 2370 1159 2435 Unde
1178 2369 1256 2435 delr-

165 2488 241 2552 uitio
259 2509 508 2560 uonrnsnuruvn:
532 2507 547 2544 u
559 2486 638 2567 leges
649 2495 717 2550 suut
730 2487 901 2563 relationes,
924 2506 1001 2574 quae
1020 2507 1055 2550 er
1070 2486 1133 2570 ipsa
1154 2506 1257 2551 rerum

169 2613 301 2669 »natura
324 2601 526 2666 derivantur»
550 2598 609 2685 (2).
632 2669 635 2676 Χ

208 2719 351 2786 Voluntas
378 2725 477 2781 autem
496 2697 642 2797 generalis
663 2714 810 2791 civitatis,
833 2734 909 2802 qnae
926 2714 1051 2800 Imperio
1066 2702 1273 2798 continetur,

164 2851 299 2917 quaeque
325 2852 343 2895 a
372 2816 554 2912 singulorum
574 2827 637 2894 siue
659 2830 782 2914 privatis
801 2829 1005 2894 voluntatibus
1021 2829 1124 2893 sedulo
1145 2828 1258 2894 distin·

164 2944 282 3028 guenda
301 2953 365 3028 est,
385 2946 532 3030 perleges
551 2943 613 3009 sive
632 2926 789 3028 relationes
809 2944 988 3007 necessarias
1011 2943 1192 3007 declaratur.

59 3040 63 3048 ’
100 3136 104 3143 ¹
206 3058 299 3139 Porro
318 3059 363 3124 uti
381 3050 535 3124 homiuum
552 3058 582 3123 iu
602 3057 722 3124 civitate
741 3058 910 3140 degentium
928 3059 1028 3125 variae
1044 3066 1113 3124 sunt
1129 3058 1210 3121 inter
1224 3078 1256 3121 se

162 3175 336 3248 relationes,
366 3174 408 3237 ita
438 3173 570 3258 sequitur
594 3172 692 3240 varias
719 3193 835 3259 quoque
866 3193 928 3237 esse
954 3175 1045 3256 leges
1071 3173 1256 3259 Praecipuus

162 3300 261 3354 autem
281 3290 403 3364 modus,
415 3308 473 3376 quo
491 3287 668 3353 considerari
687 3288 774 3353 homo
790 3289 897 3353 debeat
909 3268 1024 3353 ratione
1039 3287 1184 3364 ciuitatis,
1203 3288 1254 3354 hic

8 3465 14 3483 ,
79 3490 84 3503 Ι
162 3415 224 3476 est,
251 3406 329 3491 quod
353 3405 392 3471 sit
413 3405 462 3468 vel
481 3399 632 3489 imperans
651 3403 699 3468 vel
718 3399 861 3475 subditus.
879 3401 957 3467 Hinc
975 3387 1134 3468 relationes
1149 3421 1254 3467 neces-

159 3520 273 3594 sariae,
303 3538 381 3605 qnae
415 3517 611 3601 Imperantem
637 3517 714 3581 inter
741 3525 772 3581 et
799 3516 932 3581 subditos
948 3515 1149 3590 intercedunt,
1170 3517 1254 3600 leges

159 3641 246 3708 suut,
268 3653 341 3717 quas
360 3629 497 3718 politicus
517 3631 661 3707 dicimus,
683 3630 746 3721 sive
768 3633 846 3714 leges
865 3630 972 3717 quibus
990 3639 1111 3694 externa
1130 3630 1253 3715 Imperii

158 3750 254 3815 forma
275 3745 461 3811 describitur.
486 3744 628 3810 Caeteros
646 3766 716 3811 vero
733 3746 889 3812 relationes
906 3746 1041 3830 legesque
1057 3764 1093 3808 ex
1110 3744 1147 3808 iis
1165 3747 1252 3810 deri-

157 3872 243 3931 vatas
261 3883 320 3926 uon
339 3860 587 3935 memorabimus,
607 3861 713 3945 quippe
734 3880 811 3946 quae
828 3859 866 3923 ad
878 3865 1086 3942 argumentum
1097 3867 1249 3935 nostrum,

137 3981 186 4075 xin
205 4000 264 4065 quo
283 3996 361 4041 nunc
380 3995 551 4048 versamur,
572 3973 646 4037 nibil
667 3974 787 4039 omniuo
807 3973 930 4039 iaciant.

174 4095 213 4158 (t)
229 4091 453 4145 Monrnsoururrus
471 4105 570 4153 quoquo
586 4084 747 4138 monurohiu'rn
765 4088 867 4137 defluit:
897 4088 937 4137 olo
954 4091 1144 4152 gourernement
1160 4102 1263 4140 monar-

142 4187 249 4249 uohiquc
273 4192 308 4236 ert
331 4187 397 4236 oelui
420 4182 456 4232 ob
476 4200 509 4234 uu
532 4182 584 4232 seul
607 4198 743 4248 gonrerno,
767 4183 830 4232 mois
844 4196 892 4246 por
909 4183 953 4232 der
968 4182 1016 4233 loir
1030 4180 1257 4250 fondamentum

142 4275 234 4341 Esprit
251 4278 293 4327 dea
310 4281 356 4328 lois
377 4276 412 4329 11.
428 4281 451 4328 l.

170 4371 210 4432 (b)
225 4366 317 4435 Brprr‘t
332 4372 376 4419 dos
393 4371 439 4421 loir
454 4368 476 4421 l.
495 4370 517 4421 l.
