2806 5324
667 325 722 417 40

153 516 343 584 Pariam'ento
366 517 466 587 omnia
491 535 568 603 quae
588 515 697 592 cebet,
723 520 923 587 concesserat,
960 530 1034 577 mor,
1053 519 1161 579 tamen.
1182 512 1246 578 snb

151 655 291 698 nnnaono
309 631 374 706 ΙΙΙ,
392 631 648 710 einssnccessorc‚
668 629 757 695 nrbes
766 627 911 693 bonomm
921 626 1093 710 vigesimam
1102 624 1245 714 quintam

61 745 66 754 '
149 755 264 831 partem
290 745 493 818 contuderunt.
519 764 555 808 ea
583 743 764 817 conditione,
795 747 829 805 nt
851 740 919 806 Rex
944 736 1100 804 consilinm
1116 734 1249 826 caperet

150 859 245 947 ideque
267 858 304 923 de
321 856 471 924 nonnuliis
494 858 545 946 jos
562 855 682 922 diceret.
704 857 823 936 Quibus
838 855 904 920 Rex
925 855 955 920 in
971 854 1110 941 'sequenti
1126 852 1243 919 Paria-

149 983 251 1041 mento
271 972 433 1058 respondit.
456 971 538 1057 Ipsae
555 992 625 1038 vero
642 972 840 1058 querimonias
857 989 928 1035 snas
945 969 1080 1056 sequenti
1090 954 1184 1034 medo
1192 967 1245 1050 in·v

150 1088 313 1174 cipiebant:
344 1109 360 1148 u
372 1088 447 1153 Boni
470 1087 604 1153 homines
624 1084 715 1165 hujus
733 1085 832 1167 regni,
852 1084 902 1170 qni
922 1082 983 1148 bne
1004 1084 1041 1150 ad
1062 1083 1244 1151 Parlamen'·

154 1211 242 1267 »tum
267 1211 426 1278 venerunt,
449 1198 599 1265 dominnm
616 1221 700 1264 sunm
720 1199 833 1290 Regem
850 1199 1062 1289 deprecantur,
1080 1207 1114 1263 ut
1133 1198 1245 1281 digne·

152 1326 227 1383 »tur
248 1317 392 1402 respicere
408 1316 530 1380 miseros
549 1334 617 1380 snos
635 1311 780 1391 subditos,
798 1313 849 1400 qni
866 1313 1057 1381 vehementer
1071 1312 1173 1380 dolent
1181 1312 1245 1378 sibi

154 1431 387 1520 »nonlregnarb
407 1430 451 1495 nti
472 1429 574 1504 decet,
588 1429 619 1495 in
633 1428 733 1515 primis
749 1428 828 1516 qnod
845 1428 953 1497 attinet
969 1427 1096 1511 Magnae
1108 1426 1245 1499 Chartae

98 1631 104 1642 ἱ
153 1547 334 1612 santientes:
356 1546 406 1611 cui
426 1548 506 1612 maio
525 1543 688 1619 remedium
706 1552 878 1633 exposcunt.
900 1580 944 1615 -,-
970 1538 1258 1615 neminemnam

152 1666 205 1726 »et
222 1657 336 1749 Regem
353 1661 445 1725 etiam
461 1668 639 1746 precantur,
669 1667 702 1725 nt
718 1658 858 1741 dignetur
873 1657 979 1723 andire
995 1656 1034 1722 ad
1051 1654 1260 1732 uexationes...

155 1774 288 1860 »quibus
313 1772 438 1860 populns
463 1772 555 1860 ipsius
579 1773 640 1852 jann
665 1773 718 1839 diu
736 1770 918 1859 et-qnotidie
948 1770 1047 1841 adbuc
1072 1772 1257 1858 exagitatur.

154 1887 218 1952 »ab
236 1887 283 1963 iis,
306 1888 357 1974 qni
375 1907 441 1953 sese
461 1887 600 1955 officiales
617 1887 682 1968 ejus
698 1888 817 1962 dicunt;
837 1887 954 1974 illisque
969 1886 1057 1955 finem
1073 1878 1260 1974 inponere}

155 1999 207 2067 usi
236 1999 292 2068 boe
318 1999 379 2090 ipsi
399 1999 566 2090 placebit.»
587 2041 631 2056 -
652 2002 873 2089 (sequebantur
895 2000 973 2069 inira
989 2001 1247 2089 querimoniarum

108 2130 110 2138 “
152 2117 271 2183 articuli
291 2116 473 2198 duodecim).
1095 2178 1100 2186 ,
1183 2118 1184 2121 ’

197 2231 336 2299 Tandem
361 2254 421 2300 non
439 2252 556 2320 possum
578 2232 650 2320 quin
667 2231 834 2303 describam
854 2253 942 2320 snpra
960 2232 1022 2314 iam
1038 2231 1152 2303 laudati
1168 2253 1247 2300 ane·

151 2345 224 2411 toris
239 2368 365 2411 ennean
382 2347 480 2412 locum
492 2347 642 2430 egregium
658 2347 808 2434 qnondam
822 2348 860 2413 de
869 2342 1085 2414 constitutionis
1094 2344 1247 2430 Anglicae

152 2468 380 2555 natura‚qnam
390 2461 450 2547 ipse
460 2481 495 2526 er
504 2463 690 2529 documentis
699 2463 955 2549 monumentisque
964 2463 1065 2528 multis
1074 2442 1261 2546 indagavit..

151 2573 230 2638 «Uti
256 2571 416 2652 hactenns,
444 2577 556 2663 inquit,
584 2577 826 2649 constitutionem
844 2588 976 2644 nostmm
1001 2577 1118 2643 sincero
1140 2575 1246 2641 animo

96 2701 100 2704 ’
154 2688 326 2766 »ἀοίῑιιίνί,,
342 2691 501 2764 essentiam
527 2693 558 2758 in
582 2712 619 2763 ea
645 2693 852 2771 monarchiae,
879 2692 951 2758 iicet
974 2692 1103 2757 muitum
1124 2690 1246 2773 legions

84 2882 86 2890 k
155 2812 377 2892 »temperatam
405 2827 515 2892 magna
538 2816 638 2874 tamen
658 2790 992 2895 potestate'praeditae,
1007 2805 1099 2875 facile
1116 2805 1246 2892 quicque

154 2931 317 3005 »agnoscet
319 2967 404 2990 .....
438 2921 519 2993 Inter
543 2921 643 2989 varias
667 2929 784 2999 autem,
812 2941 889 3009 qnae
919 2921 957 2987 de
976 2940 1012 2986 ea
1031 2918 1246 2989 constitutione

58 3093 63 3103 .
154 3035 311 3121 »prolatae
328 3045 413 3111 sunt,
430 3035 593 3103 sententias
612 3035 687 3101 haec
706 3047 786 3104 certe
803 3037 920 3121 legibus
935 3045 966 3102 et
983 3033 1131 3105 historiae¹
1142 3034 1246 3100 maxi·

47 3210 52 3219 .
154 3169 226 3217 ome
249 3159 295 3219 est
322 3150 469 3237 opposita,
499 3169 577 3236 qnae
598 3150 854 3236 Regemexbibet
870 3159 1014 3238 tanquam
1031 3149 1246 3232 magistrarum

39 3331 40 3334 ,
153 3267 324 3353 »quendam
352 3266 580 3346 hereditarium,
610 3268 659 3334 cni
686 3264 831 3336 mandata
857 3277 902 3333 est
920 3274 1051 3352 potestas
1069 3262 1243 3362 executive.

152 3383 240 3458 orel,
265 3383 292 3450 si
315 3385 428 3460 mavis,
458 3394 602 3471 tanquam
630 3403 779 3450 summum
808 3382 938 3452 civitatis
965 3380 1145 3447 ministrnm.
1168 3378 1256 3446 ,Non-

153 3497 377 3572 »nontrnmbic
397 3508 442 3564 est
462 3499 629 3586 inquirere,
648 3519 795 3586 quaenam
807 3497 963 3564 commoda
979 3494 1116 3562 comitari
1124 3502 1245 3580 possent

154 3612 325 3693 »ejusmodi
345 3611 496 3697 regiminis
511 3612 648 3681 modern:
671 3613 830 3682 observare
847 3612 973 3681 sufficiat
989 3610 1066 3677 eitra
1086 3628 1173 3676 omne
1184 3607 1253 3675 dn-v'

151 3727 258 3796 »bium
274 3738 424 3802 constare.
444 3708 597 3815 antiquam
607 3725 736 3811 dngtiae
754 3727 994 3801 constitutionem
1012 3728 1134 3795 minime
1150 3705 1256 3794 talem·

152 3844 287 3921 ssnisse,
312 3865 367 3915 nec
388 3863 455 3911 eam
478 3862 551 3914 ‚eum
569 3840 844 3926 regiminis-fomis
862 3842 1056 3931 popularibus
1069 3842 1244 3909 similitudi·

152 3980 246 4032 »nem
264 3968 318 4028 ant
335 3957 541 4043 cognationem
557 3956 653 4029 ultam
670 3978 789 4043 prorsus
808 3956 960 4024 babuisse.
981 3955 1092 4023 Omnia
1109 3955 1190 4024 e'nim
1207 3976 1259 4023 ex.

139 4099 272 4152 indicabat.
289 4099 490 4152 convocabantur
505 4101 571 4150 enirn
588 4098 688 4150 Nobiles
706 4100 738 4150 od
754 4101 909 4152 tremcndum
919 4107 945 4151 et
960 4102 1091 4152 consitium
1105 4099 1257 4165 impenden-

139 4181 197 4230 dum
218 4183 249 4232 de
272 4185 360 4234 arduis
384 4185 458 4252 regna·
480 4183 604 4249 negotiis,
620 4182 693 4232 nrbes
710 4197 768 4232 vero
783 4183 816 4233 ud
831 4183 982 4234 audiendum
998 4189 1023 4232 et
1042 4181 1257 4236 consentiendum.

138 4260 195 4312 Non
211 4264 258 4313 uici
273 4265 372 4314 mecnto
387 4265 486 4315 demum
502 4262 679 4315 sextodecimo
694 4263 768 4314 nrbes
783 4265 815 4313 ad
831 4264 898 4332 leges
914 4264 1054 4318 condendae
1069 4261 1257 4329 inungentem

133 4350 277 4412 receperunt.
295 4344 333 4403 Gt.
348 4358 462 4397 nnnnnun
477 4363 515 4411 op.
533 4349 552 4401 t.
567 4345 593 4400 b.
611 4343 630 4396 1.
646 4344 686 4398 ch.
704 4347 728 4397 2.
743 4346 769 4398 tn
783 4351 835 4402 net.
1012 4342 1013 4345 ’
