2806 5324
665 407 718 486 nt

191 596 225 665 ln
251 599 299 665 his
324 597 446 684 quidem
465 598 695 683 illustrissimum
713 605 865 665 auctorem
885 596 943 663 sibi
960 564 1058 683 ipsum
1081 597 1238 665 contradi·

114 757 121 765 ·
148 734 215 779 cere
244 713 435 783 manifestum
457 723 513 781 est.
537 714 673 781 Numero
698 714 781 780 enim
799 713 913 782 civium
926 709 1245 788 deminuturum

146 837 242 923 potest
269 837 304 894 ut
328 826 500 911 ignoretur,
514 851 583 894 mon
601 828 749 914 integrum
767 830 909 914 populum
925 829 1238 895 rotonucendnnta·

45 988 48 998 -
146 938 233 1018 rarc',
252 942 305 1008 sed
322 943 416 1007 solum
435 953 549 1028 porrern
567 944 648 1023 ejus,
669 944 754 1024 cujus
770 965 910 1011 numerus
926 944 1128 1010 delinitusest.
1148 945 1237 1010 llaec

144 1057 236 1141 igitur
251 1057 298 1122 lex
312 1054 549 1124 fundamentalis.
559 1058 622 1124 sine
642 1059 734 1142 dubio
751 1080 849 1125 nona
864 1068 971 1124 namra
984 1057 1144 1124 hominum.
1153 1058 1236 1124 deni·

83 1245 86 1255 ,
144 1179 251 1246 vatur,
270 1190 325 1237 nec
345 1171 421 1236 adeo
437 1172 624 1239 'aoocietatis
643 1174 740 1240 civilis
756 1184 874 1241 natura.
896 1175 958 1240 Cur
976 1175 1057 1241 enim
1074 1174 1239 1259 aliipotius

146 1301 237 1369 quam
262 1283 315 1347 alii
340 1283 531 1373 imperantes
544 1287 655 1352 munti
679 1285 751 1373 qnid
774 1288 900 1374 amplius
917 1288 949 1353 in
964 1288 1031 1355 cive
1047 1289 1233 1374 requiritur,

146 1418 206 1484 qun
222 1398 312 1483 possit
331 1397 398 1477 jura
415 1395 533 1482 imperii
548 1415 701 1487 exercere,
721 1406 861 1482 quarunt
880 1397 971 1463 animi
984 1399 1034 1465 ‚edi
1053 1398 1236 1467 facultatum

135 1512 294 1596 integrum
310 1530 396 1578 usum
416 1506 587 1603 ponpideat?
602 1508 648 1577 Ac
660 1509 692 1581 st
709 1511 902 1597 respondetur
918 1512 1072 1579 civitatem
1087 1515 1237 1581 atotim·

145 1627 317 1712 perentibus
334 1627 396 1710 regi
418 1634 578 1711 nonposec
588 1642 608 1701 ,·
624 1624 890 1709 neritoregeraro,
901 1626 1242 1714 civitatempopotorem

137 1741 300 1807 -lrominum
320 1751 573 1826 naturaeparnm
596 1739 765 1808 conuenire.

187 1856 304 1922 Deinde
333 1873 405 1923 vero
430 1853 454 1919 si
475 1874 614 1919 numerus
632 1853 683 1919 ille
695 1848 831 1931 civium,
853 1854 904 1940 qui
922 1853 989 1932 iura
1008 1853 1125 1940 Imperii
1141 1872 1238 1924 exer·

145 1990 212 2036 cere
227 1970 355 2056 possint,
379 1978 441 2034 tam
459 1967 624 2035 necessario
642 1967 757 2035 definiri
777 1969 883 2044 dehet,
910 1977 963 2043 nt,
978 1968 1237 2060 -ei‚;.noudelinia··

72 2122 73 2127 κ
144 2094 210 2160 tur,
236 2084 332 2152 cuivis
358 2083 474 2153 civitati
491 2083 633 2169 populari
653 2093 735 2151 certa
752 2081 895 2169 pernicies
912 2091 1063 2159 struatur,
1085 2083 1237 2169 qno-inu·

144 2198 284 2266 «lamento
312 2197 428 2265 institui
451 2197 540 2263 debet
560 2199 613 2269 illa
637 2197 792 2264 delinitio?
818 2197 854 2261 in
873 2195 1046 2291 monarchia
1063 2197 1186 2284 quidem
1203 2198 1236 2270 in

142 2315 207 2402 ipsa
221 2327 329 2382 natura
344 2313 489 2379 rationem
499 2313 695 2389 invenimus,
718 2312 756 2378 ob
770 2332 862 2398 quam
872 2309 1030 2395 Imperium
1039 2310 1237 2379 unitamiliae

142 2439 173 2494 ct
199 2449 234 2493 ex
261 2450 296 2494 ea
321 2438 395 2493 natu
420 2426 565 2499 maximo,
599 2425 725 2490 exclusis
751 2424 889 2499 leminis,
913 2423 1059 2497 committi
1076 2437 1232 2510 oportum

72 2613 75 2616 ⁴
142 2563 245 2607 verum
260 2543 299 2606 ad
316 2542 588 2627 quamnamlegeru
606 2541 774 2609 naturalem
788 2543 836 2606 vel
852 2541 1231 2627 positivamrespiciemne,

140 2665 175 2724 nt
194 2665 360 2722 statuamus
376 2677 416 2721 au
433 2677 462 2722 v.
482 2679 509 2723 c.
526 2665 653 2744 quarta,
678 2658 725 2727 vcl
746 2657 856 2743 tertia,
873 2658 930 2726 ,vel
944 2657 1080 2723 >umidis
1102 2678 1171 2742 pars
1189 2645 1236 2725 ci·

141 2770 223 2839 vium
237 2769 268 2855 io
290 2757 483 2836 concionibus
505 2772 629 2839 admitti
642 2771 775 2837 debeat?
799 2772 824 2839 oi
843 2791 952 2858 nempe.
967 2771 1155 2839 eruditorum:
1168 2773 1236 2858 opi·

132 2885 245 2951 ¹uniones
275 2906 452 2972 sequamur,
476 2907 521 2976 er
544 2886 643 2952 dubiis
670 2896 700 2951 et
723 2886 845 2955 incertis
870 2886 1032 2962 doctrinis,
1054 2889 1234 2956 sententiam

141 2999 191 3065 vix
208 2999 360 3065 meliorem
381 2999 468 3065 uobis
483 2999 538 3084 ipsi
556 2997 810 3084 comparabimus
828 3000 853 3064 si
875 2999 914 3065 ab
931 2999 1055 3067 historia
1073 3001 1232 3073 consilium
1263 3081 1266 3086 ‚

132 3111 310 3200 capiamus,
334 3113 419 3179 varia
447 3114 583 3198 exempta
600 3113 657 3178 sibi
676 3113 804 3180 invicem
821 3133 909 3198 saepe
927 3114 1059 3200 opposita
1077 3115 1160 3185 varie
1178 3139 1235 3184 nna

142 3228 280 3294 afficient.
301 3227 438 3292 Tandem
460 3227 550 3293 etiam
569 3228 620 3295 ubi
640 3248 779 3293 numems
800 3216 849 3297 illc
867 3226 1095 3302 detonuerit,
1113 3240 1232 3298 nonna·
1251 3235 1253 3238 ’

141 3362 211 3407 men
229 3343 396 3408 voluntates
413 3340 544 3406 omnium
562 3341 671 3407 civium
681 3340 799 3427 lmperii
810 3341 991 3427 voluntatem
1003 3343 1140 3415 efficient.
1151 3345 1233 3417 Nam

139 3455 218 3519 cives
235 3454 297 3530 illi,
320 3455 428 3540 quihus
446 3455 604 3541 Imperium
627 3455 900 3529 exercere-licebit,
924 3465 953 3519 ct
974 3476 1100 3540 quorum
1124 3480 1233 3529 nume.

121 3590 123 3596 ·
141 3589 208 3634 rum
236 3568 360 3634 delinire
388 3578 450 3637 tarn
471 3569 625 3634 molestum
645 3580 673 3634 et
692 3570 780 3634 simul
799 3579 860 3634 tam
877 3570 1074 3645 necessarium
1093 3584 1171 3650 erat,
1197 3586 1234 3642 ut

139 3661 242 3748 omnes
261 3683 444 3747 consentiant
465 3704 523 3748 non
544 3685 723 3768 requiritur,
747 3683 819 3769 quin
840 3683 900 3756 imo
920 3684 1232 3774 viacensentircpos·

139 3807 220 3864 sunt.
260 3797 338 3880 Ergo
366 3798 411 3863 uti
437 3821 489 3883 pro
517 3798 656 3865 omnibus
683 3799 750 3863 aliis
775 3797 1032 3884 aliquottantum
1056 3808 1231 3887 potestatem

139 3922 296 3987 exercent,
316 3912 358 3978 ita
377 3934 496 3997 quoque
514 3937 566 3998 pro
584 3913 720 4006 omnibus
739 3913 804 3978 aliis
821 3912 934 3997 aliquot
947 3923 1073 4000 ‚tantum
1090 3919 1230 3987 vulunta-

139 4032 196 4090 tem
224 4027 392 4096 declarant:
424 4029 467 4093 ita
494 4039 526 4092 ut
551 4029 792 4125 voluntasquae
809 4029 1100 4110 generalisdicitur,
1122 4052 1230 4118 neapse

136 4135 297 4230 composita
322 4147 360 4212 sit
383 4166 419 4211 ex
443 4143 566 4230 privatis
592 4141 794 4210 voluntatibus
822 4144 996 4230 plerumque
1019 4145 1228 4225 disjunctis-et

133 4256 782 4344 mmmmfflfflmas
1097 4244 1100 4250 Δ
1255 4245 1260 4254 “

174 4373 220 4438 2⁰.
243 4375 324 4440 «Est
338 4400 340 4406 2
355 4396 475 4461 quoqne
504 4376 550 4440 lex
575 4373 806 4440 fundamentalis
824 4372 856 4439 in
873 4372 994 4446 civitate
1010 4374 1163 4467 populari,
1176 4385 1227 4466 nt
1273 4418 1275 4425 ι
