2806 5324
595 314 730 409 'rr

160 521 290 587 invicem
314 518 481 586 differentes
498 529 528 585 et
547 522 671 594 diversi,
702 523 780 586 lntra
799 542 874 605 quos
894 510 1075 619 necesse'est
1094 532 1126 588 nt
1144 531 1249 587 cantus

160 637 330 712 decurrat„
349 656 462 720 suaque
483 637 600 714 lonico,
630 656 682 699 sua
703 636 811 710 Dorio,
840 657 893 700 sua
913 635 1029 716 Lydio,
1057 655 1110 698 sua
1130 632 1252 697 Aeolico

150 760 205 814 est
222 767 378 824 mensura,
407 771 484 834 quaa
501 753 679 832 μετάβασιν
699 752 780 816 baud
802 752 952 814 admittit:
975 750 1017 814 ita
1035 750 1143 814 dantur
1161 749 1253 813 etiam

142 865 193 927 in
217 863 371 928 bominum
398 865 588 931 societatibus
615 877 713 930 certae
741 866 855 931 tornae
873 866 993 929 innatae
1011 863 1094 948 quasi
1111 871 1162 926 aut
1181 883 1252 926 cou-

147 985 270 1051 matae,
291 997 366 1061 quas
384 982 548 1062 transgredi
569 983 736 1048 ullomodo
755 982 839 1047 nefas
856 991 909 1046 est.
933 983 971 1045 Et
988 981 1061 1045 baec
1080 1001 1169 1045 causa
1189 989 1248 1055 est,
1301 1008 1303 1013 v

160 1091 202 1155 ob
228 1111 321 1175 quam
347 1113 405 1156 non
423 1093 511 1158 liceat
527 1096 669 1180 optimam
689 1097 718 1158 in
738 1095 842 1178 quovis
858 1095 964 1179 populo
986 1095 1133 1178 applicare
1154 1096 1252 1180 reipu-

165 1204 259 1268 blicae
276 1205 419 1280 sormam3
433 1216 463 1270 et
480 1207 530 1293 qui
546 1210 606 1274 tale
627 1209 698 1294 quid
719 1217 842 1273 conatus
860 1206 969 1280 fuerit,
990 1226 1098 1288 magno
1109 1229 1161 1274 suo
1173 1209 1253 1273 malo

165 1317 332 1401 experietur
360 1341 428 1385 oum
454 1321 578 1403 ingeniis
596 1322 749 1387 bominum
767 1320 823 1384 sibi
840 1321 989 1402 negotium
1008 1341 1089 1397 esse,
1116 1331 1145 1386 et
1164 1332 1250 1388 natu·

165 1451 229 1494 ram
255 1431 349 1514 ipsam
373 1454 391 1497 a
416 1454 448 1498 se
471 1444 582 1500 temere
610 1434 780 1520 expugnari.
811 1433 851 1497 Ut
877 1433 955 1496 enim
981 1436 1079 1518 populi
1096 1435 1251 1514 cujusdam

95 1556 114 1560 “
165 1545 324 1609 conditioni
347 1546 545 1612 institutiones
571 1550 724 1634 quaelibet
752 1549 807 1612 rite
839 1556 995 1632 aptentur,
1024 1567 1074 1610 eas
1102 1547 1252 1631 proprium

165 1658 284 1742 aliquod
306 1679 341 1721 ac
359 1661 486 1744 speciale
504 1671 594 1763 atque
614 1660 671 1726 hoc
691 1663 754 1746 ipso
773 1681 881 1725 novum
899 1661 970 1745 quid
989 1659 1099 1723 babere
1117 1669 1249 1743 oportet:

164 1771 213 1834 sed
235 1780 307 1835 tunc
326 1792 462 1860 quoqne,
485 1774 595 1859 quibus
614 1776 687 1839 alias
705 1778 743 1840 ad
760 1775 944 1840 moderanda
964 1773 1130 1858 praesentia
1151 1793 1186 1836 ac
1204 1771 1251 1836 lu-

163 1893 230 1948 tura
259 1886 461 1968 praevidenda
489 1888 551 1952 tam
581 1889 729 1974 sapienter
752 1889 925 1971 dirigimur,
958 1888 1029 1972 ipsis
1050 1886 1251 1972 experientiae

164 1988 327 2081 praeceptis
349 1983 618 2086 destituimur'fl).

204 2112 308 2191 Quare
334 2114 473 2210 optimam
499 2115 648 2198 regiminis
674 2113 800 2178 formam
819 2135 885 2178 eam
904 2115 967 2180 sine
986 2090 1078 2180 dubio
1099 2113 1247 2186 arbitror,

164 2247 252 2312 qnam
270 2248 289 2291 a
307 2231 414 2292 natura
432 2239 462 2292 et
481 2239 629 2314 ternpore,
653 2237 686 2292 ut
707 2229 750 2292 ita
768 2230 885 2304 dicam,
909 2231 1033 2314 populus
1052 2230 1250 2314 accepit3nec
1330 2232 1333 2237 “

164 2340 255 2404 ullam
282 2341 410 2407 civitatis
440 2343 677 2408 constitutionem
706 2343 753 2406 rel
781 2367 800 2407 u
825 2340 922 2429 priori
938 2341 1078 2427 scriptam
1094 2341 1183 2421 fnisse
1204 2342 1253 2408 rel

163 2453 252 2518 scribi
270 2455 398 2538 potuisse
416 2457 515 2521 credo.
538 2457 650 2543 Estque
667 2457 722 2521 boc
745 2457 897 2521 doctrinae
915 2468 1023 2542 caput,
1047 2458 1126 2544 quod
1146 2456 1252 2522 intimo

163 2569 262 2660 animo
279 2569 405 2652 probare
422 2593 480 2635 non
501 2572 651 2645 desinam,
672 2592 742 2637 vere
758 2571 1000 2644 fundamentale,
1021 2572 1069 2634 cui
1087 2571 1254 2636 testimoni·
1274 2580 1278 2587 “

162 2705 213 2747 um
237 2683 310 2748 dicit
329 2684 460 2749 omnium
480 2686 655 2769 populorum
674 2684 814 2759 historia,
838 2683 887 2769 qui
910 2703 1013 2748 veram
1038 2684 1206 2749 libertatem
1224 2692 1255 2748 et

163 2791 362 2879 cognoverunt
382 2808 411 2863 et
430 2799 578 2880 cognitam
598 2805 773 2871 servarunt,
797 2798 934 2884 quodque
952 2807 1046 2863 exstat
1071 2800 1148 2883 apud
1169 2800 1251 2862 cele·

161 2910 343 2975 bratissimos
358 2912 514 2997 scriptores
528 2913 680 2996 politicos,
706 2912 923 2997 acerrimosque
947 2911 1056 2991 jurium
1076 2913 1250 2997 pop'nlornur

160 3024 339 3091 defensores.
363 3025 419 3089 Cui
446 3034 546 3090 tamen
560 3026 744 3099 sententiae,
767 3046 807 3091 ue
825 3027 913 3108 longa
933 3025 1148 3110 disceptatione
1161 3040 1185 3090 'a
1202 3026 1252 3094 ria

160 3141 347 3213 aberremus,
368 3138 418 3202 bic
435 3139 554 3223 quidem
570 3142 821 3224 supersedendum
834 3141 985 3214 ducimus;
1007 3161 1041 3204 ac
1053 3141 1146 3204 solnm
1157 3140 1255 3225 inqui·

159 3234 271 3326 renrns,
292 3253 593 3340 qnamnamsiugnlae
603 3254 721 3338 Imperii
732 3254 845 3318 formae
854 3255 885 3319 in
896 3253 1127 3338 bominesiuqne
1136 3273 1252 3328 omnem

158 3368 310 3435 societatis
321 3367 454 3431 ordinem
463 3365 595 3431 babeant
605 3367 811 3433 efficientiam:
823 3390 881 3454 qua
892 3369 1011 3432 demum
1021 3369 1077 3431 rite
1087 3376 1260 3453 perspecta,

158 3497 309 3564 quaenam
326 3496 362 3540 ex
382 3473 440 3538 illis
458 3475 570 3559 optima
586 3476 713 3540 dicenda
732 3478 787 3552 sit,
814 3475 951 3558 colligere
971 3475 1078 3541 deiude
1098 3479 1211 3545 licebit.

203 3589 324 3654 Scilicet
343 3588 460 3673 saepius
484 3589 651 3674 disputatur
668 3569 706 3655 de
726 3591 907 3676 praestantia
927 3590 1089 3657 formarum
1111 3593 1255 3678 reipubli-

145 3753 172 3796 et
189 3745 221 3796 dc
238 3725 332 3794 rouloir
348 3746 443 3794 ensuite
460 3746 582 3812 l‘impoaer
599 3746 613 3794 d
631 3753 684 3795 tour
700 3748 735 3795 lar
752 3747 862 3812 paupler.
879 3773 911 3784 —-
928 3746 950 3795 J.
970 3743 1055 3808 onoc,
1079 3720 1178 3814 dppla'e.
1195 3751 1225 3798 da
1242 3752 1268 3799 ln

145 3855 206 3890 m.
225 3839 242 3888 a
259 3841 283 3891 a
301 3839 373 3902 parra.
391 3824 436 3889 c'n.
453 3837 477 3888 a.
495 3855 519 3905 p.
537 3840 579 3887 rr.

152 3989 156 3998 Ι
177 3936 221 3999 (l)
253 3936 342 3981 luctor
367 3935 465 3996 quidam
499 3931 646 3980 admirabilis
669 3932 774 3996 ingenii,
803 3931 926 3994 eleganter
952 3949 998 3983 nen
1025 3936 1103 3983 minus
1130 3948 1184 3981 rere
1213 3933 1263 3982 rit:

76 4042 84 4063 ⁸
148 4027 295 4086 oQu'cst-ce
312 4024 404 4087 qu'nnc
421 4021 600 4100 constitution?
617 4023 677 4072 n'ert
694 4039 724 4071 ce
736 4040 782 4092 pus
799 4023 822 4072 la
839 4026 944 4073 solution
962 4027 994 4073 du
1011 4025 1136 4090 problema
1153 4023 1267 4075 suivant?

141 4119 235 4170 »Etant
251 4118 358 4168 donnbes
375 4120 399 4166 lo
413 4112 574 4182 populatione,
593 4118 628 4165 las
646 4116 753 4175 moeurs,
770 4119 799 4164 to
811 4118 915 4181 religion
924 4155 930 4178 ,
950 4119 974 4166 ln
988 4120 1107 4166 situation
1116 4116 1264 4182 pdogropba'·

142 4229 223 4280 sque,
241 4214 276 4260 loa
292 4212 412 4261 relations
428 4211 576 4274 politiqnar,
595 4211 630 4257 las
646 4211 781 4266 richersen,
800 4209 835 4257 lca
852 4211 941 4258 bonnas
958 4215 982 4259 at
998 4212 1034 4258 loa
1046 4211 1258 4275 monouiaes‘pno·

139 4307 219 4358 slitdr
237 4307 308 4358 d’ono
329 4306 438 4356 santuine
456 4307 556 4365 notion,
575 4311 675 4356 trouver
693 4305 728 4354 las
745 4305 791 4354 tois
809 4305 854 4368 qni
869 4304 908 4352 ini
924 4293 1117 4353 concitamenta
