2806 5324
682 428 759 506 129

123 627 149 671 n
179 608 320 680 fermoil
337 614 419 699 point
438 599 470 679 la¹
486 611 605 681 bouche
622 637 680 682 nux
698 618 825 706 officicrs
838 616 875 682 de
893 627 976 685 votre
988 596 1176 698 Parlement,
1194 619 1267 689 doni

127 749 155 787 »
186 729 236 793 ln
253 727 387 816 sesnclion
420 733 472 795 u’o
497 727 610 817 jamnis
635 731 680 796 e'te'
705 729 899 798 diminues...
923 733 965 799 El
994 737 1068 799 c’est
1083 757 1142 802 une
1163 737 1266 825 espice

129 864 158 904 a»
178 841 352 908 diffusione
370 841 448 907 dous
465 844 496 907 lo
512 845 624 909 morule
639 850 669 909 et
684 843 721 910 de
738 846 955 913 contradiction
975 847 1054 913 dans
1071 851 1103 915 fu
1124 848 1266 949 politoque

133 979 158 1016 u
178 955 234 1022 de
253 955 352 1021 croire
367 981 425 1046 que
442 956 604 1034 desidiis,
628 957 683 1046 qui
702 982 761 1050 par
781 962 823 1027 ies
844 959 898 1027 lois
915 961 957 1026 du
981 984 1122 1052 ropoume
1141 987 1178 1043 ne
1198 971 1267 1030 sont

136 1090 161 1131 s»
181 1093 254 1156 pos
277 1072 466 1158 susceptthles
486 1071 689 1149 d'erc'euiion,
709 1073 831 1163 jusqn’d
852 1099 885 1141 ce
906 1075 995 1164 qu’ils
1025 1075 1108 1141 nt'eni
1133 1076 1178 1142 ete
1204 1101 1264 1163 op·
1370 1105 1373 1111 ·

141 1208 166 1247 ιι
182 1187 297 1273 porte‘s
318 1193 348 1251 et
367 1185 511 1254 deliberes
532 1186 610 1252 dnus
632 1190 674 1253 ies
697 1186 900 1278 Compogut‘es
918 1187 1122 1267 souocruiues,
1143 1198 1267 1278 possent

146 1321 168 1360 n
184 1320 273 1384 pour
288 1276 425 1388 sirific's,
448 1302 566 1388 forsque
587 1300 620 1367 V
617 1308 680 1366 utre
700 1299 828 1389 Mop‘esld
849 1303 891 1367 ies
911 1326 932 1367 o
953 1300 1013 1389 fcit
1034 1300 1092 1368 lire
1105 1311 1135 1369 et
1147 1301 1266 1390 pubfier‘

145 1435 232 1479 »en
255 1416 496 1500 conprehensa...
517 1401 683 1501 caetu(l).
1056 1444 1059 1449 ’

210 1525 457 1614 Quotiescunque
472 1528 564 1611 igitur
581 1528 680 1612 Reges
700 1528 825 1593 liberam
846 1528 1103 1596 l‘arlemeutorum
1126 1529 1268 1598 insertinss

157 1657 235 1706 uem
253 1640 486 1726 prohibuerunt,
509 1642 612 1728 inique
632 1653 775 1726 egerunt,
798 1663 895 1729 neque
917 1665 1049 1730 unquam
1067 1644 1260 1728 ignorarunt,

162 1773 198 1817 se
223 1757 267 1821 ita
292 1765 414 1838 agentes
443 1756 538 1838 legem
566 1756 821 1824 fundamentalem
839 1759 1030 1824 monarchiae
1049 1737 1172 1825 violare.
1203 1759 1262 1825 Sed

165 1862 223 1934 hoc
248 1870 346 1953 ipsum
371 1846 472 1956 aperte
497 1871 603 1955 probat
623 1874 720 1956 legem
740 1873 1014 1949 fundamentalem,
1034 1893 1112 1958 quae
1131 1873 1169 1937 de
1189 1874 1262 1958 legi·

170 1979 222 2048 bus
243 1984 407 2049 condendis
423 1995 526 2061 cavet,
547 1985 571 2050 si
589 2007 650 2065 nou,
675 2007 790 2071 semper
813 1970 917 2051 'stricte
934 1986 1140 2063 observatam,
1161 1998 1263 2054 lamen

122 2153 124 2157 ,
176 2096 301 2184 ignitam
312 2101 412 2176 luisse,
423 2109 452 2164 et
462 2119 566 2168 revera
578 2101 615 2164 ad
629 2100 870 2165 constitutionem
880 2100 1264 2189 monarchiae,uelmperio

175 2216 244 2280 male
269 2224 405 2280 uteretur
432 2213 617 2291 Muuareha,
651 2223 797 2300 tanquam
827 2224 942 2300 partem
966 2217 1167 2282 necessariam
1191 2238 1263 2305 per-

153 2325 311 2394 {iuuisse-
376 2402 377 2406 Ἰ

194 2443 264 2510 Ἰθ.
287 2478 332 2492 -
354 2441 444 2507 Hisce
459 2441 554 2525 igitur
572 2438 718 2527 quehtum
736 2445 886 2529 potuimus
909 2444 1081 2512 brevissime
1105 2447 1260 2532 expositis,

172 2567 275 2624 natura
288 2590 292 2598 ·
306 2541 498 2620 monarchiae
530 2556 676 2642 explicata
704 2567 758 2622 est.
800 2558 937 2624 Vidimus
964 2582 1005 2624 sc.
1033 2538 1259 2638 monarchiam,

171 2694 250 2741 ecus
262 2672 438 2759 atquealias
450 2671 568 2758 Imperii
586 2672 707 2746 formas,
730 2673 899 2738 reverauiti
919 2673 1034 2756 legibus
1050 2675 1262 2742 fundamenta·
1303 2746 1305 2751 ,

171 2791 253 2856 libus.
277 2789 379 2873 thue
406 2806 510 2850 earnm
529 2785 629 2867 legum
646 2785 784 2849 absoluta
801 2785 963 2850 necessitas
989 2795 1019 2851 et
1042 2797 1123 2852 certa
1149 2788 1261 2863 veritas

170 2905 415 2976 cunhmrctur,
448 2900 572 2982 siugulis
607 2899 742 2984 passibus
777 2897 936 2982 diligenter
972 2899 1144 2966 historiam¹
1164 2903 1260 2996 secuti

168 3039 284 3092 snmus,
311 3036 421 3102 easque
441 3001 546 3079 iudea
566 3013 668 3099 primis
688 3013 869 3099 temporibus
888 3035 1004 3100 semper
1030 3014 1270 3082 fundamentum

169 3131 286 3219 Imperii
315 3130 557 3216 praesidiumque
584 3127 730 3192 libertatis
758 3127 848 3193 fuisse
883 3128 1075 3196 ostendimus.
1118 3125 1263 3199 fatemur

168 3248 289 3337 quidem
315 3246 349 3308 iu¹
377 3243 519 3309 historica
539 3242 599 3332 ,itta
625 3242 832 3328 inquisitione,
866 3265 920 3308 uos
952 3243 1085 3309 infausta
1120 3266 1263 3312 nonuun-
1301 3300 1305 3325 ,

168 3382 257 3451 qnam
277 3369 411 3442 tempora
437 3356 624 3435 meminisse,
649 3357 758 3443 quibus
781 3357 880 3440 Reges
907 3356 988 3422 hauc
1016 3358 1138 3426 illamve
1165 3360 1262 3443 legem

122 3472 139 3551 ἦ,
166 3474 442 3548 fundamentalem,
462 3472 532 3537 licet
552 3481 745 3554 agnoscerent
767 3491 849 3545 eam,
872 3472 939 3556 plus
947 3472 1083 3541 minusve
1093 3471 1259 3550 violaruuts

165 3591 217 3657 sed
248 3591 336 3654 istem
359 3607 522 3671 paucorum
544 3586 717 3672 Principum
740 3583 915 3664 injustitiam
937 3585 1013 3650 nihil
1033 3587 1174 3664 aduersus
1196 3591 1261 3676 opi·
1292 3568 1293 3573 ἵ

165 3707 286 3772 uiouem
315 3712 448 3768 nostram
477 3701 593 3775 facere,
622 3701 731 3765 iterum
757 3701 973 3766 contendimus.
1004 3702 1050 3768 Ex
1076 3703 1263 3771 documentis
1352 3744 1355 3755 ι

165 3821 246 3889 euim
264 3819 524 3901 monumentisque
539 3815 658 3891 multis,
681 3814 789 3901 quibus
800 3813 871 3878 fides
890 3814 1031 3900 denegari
1047 3818 1165 3905 nequit,
1187 3833 1264 3905 pro-

164 3934 305 4001 bavimus
325 3953 427 4000 omues
441 3932 561 3997 omuino
581 3930 661 4013 leges
680 3928 935 4004 fundamentales,
951 3930 1060 4013 quibus
1069 3933 1259 4011 monarchia,
1377 4013 1379 4015 ,

122 4046 130 4085 ³¹
162 4050 189 4118 si
207 4069 382 4134 germanam
399 4047 463 4126 eins
480 4054 618 4110 naturam
635 4042 788 4130 respicias,
802 4045 968 4122 necessario
983 4045 1039 4109 niti
1053 4045 1157 4123 debet,
1171 4049 1262 4113 etiam

160 4168 195 4235 iu
204 4166 333 4233 Francia
344 4163 462 4252 propria
472 4183 507 4226 nc
517 4169 659 4249 perpetua
668 4157 860 4224 monarchiae
870 4158 1066 4225 fundamenta
1076 4158 1179 4227 fnisse.
1188 4161 1262 4245 Imo,

186 4307 230 4376 (l)
248 4307 313 4358 Ibid.
328 4306 364 4361 T.
379 4306 424 4358 lv,
442 4321 468 4370 p.
486 4299 541 4354 tte.
557 4300 595 4352 cf.
611 4300 684 4351 etiam
702 4299 805 4350 lleeueil
823 4300 853 4348 de
870 4301 954 4383 diuers
970 4298 1104 4362 neimoires,
1122 4303 1275 4370 harengum,

146 4408 366 4461 rmuuuruuees,
383 4396 515 4449 servusdei
534 4395 657 4446 fleisfos'rc
675 4394 705 4444 de
722 4399 792 4444 notre
811 4399 899 4457 teurps.
916 4391 983 4443 Paris
1001 4390 1071 4444 1623.

1136 4482 1174 4551 17
