2806 5324
612 374 665 449 te

83 561 215 630 videor:
241 561 284 626 1⁰.
308 572 341 626 ut
354 560 478 643 siugulis
495 561 613 645 Imperii
631 538 766 647 partibus
784 561 889 626 eadem
908 561 1077 627 tribuantur
1095 564 1181 646 sigua

84 676 153 743 sive
187 677 311 742 eaedem
343 686 450 751 notae,
484 675 672 764 (praedicatu
697 677 800 741 dicunt
826 676 947 760 logici),
985 696 1062 761 quae
1087 686 1182 742 totum

83 789 179 865 illud,
191 791 356 870 cujussunt
369 801 487 876 partes,
510 791 573 858 sive
588 790 747 875 Imperium
763 788 865 853 habet.
888 788 1069 856 Attentiores
1080 796 1177 871 enim,

85 923 164 987 quas
192 903 223 968 in
250 924 359 987 genere
385 906 597 989 conspicimus,
631 905 662 968 in
686 902 783 988 specie
802 912 954 987 nequeunt
973 903 1084 971 abesse.
1109 909 1179 989 Qua

84 1026 223 1100 propter,
247 1020 290 1082 uti
309 1020 405 1104 ipsum
420 1019 579 1104 Imperium
598 1038 747 1083 summum
771 1027 835 1091 est,
857 1019 901 1081 ita
919 1037 1036 1103 quoque
1054 1024 1180 1104 quaevis

85 1151 159 1214 pars
186 1133 307 1216 Imperii
332 1133 396 1203 sive
423 1141 553 1218 potestas
568 1133 678 1233 *civ‘ilis
700 1151 816 1197 summa
840 1151 903 1196 esse
928 1131 1026 1198 debet.
1049 1134 1081 1198 Si
1102 1137 1182 1202 euim

82 1267 201 1310 summa
214 1269 274 1312 non
292 1256 354 1323 est,
377 1268 485 1312 munus
503 1247 559 1311 erit
577 1246 730 1330 quoddam
748 1247 852 1322 civile,
864 1247 945 1332 quod
962 1266 1046 1312 suam
1059 1268 1075 1310 a
1086 1249 1179 1316 Sum-

82 1380 136 1424 mo
150 1360 278 1445 Imperio
295 1361 356 1428 vim
375 1369 548 1436 mutuetur,
564 1362 616 1425 sed
636 1361 674 1426 ad
695 1362 769 1426 illud
787 1383 846 1427 non
867 1361 1179 1453 pertineat,adeoque

82 1494 143 1538 non
163 1475 220 1538 erit
237 1483 368 1559 potestas
392 1472 457 1561 (l);

126 1587 174 1652 20.
197 1596 231 1651 ut
256 1608 348 1653 uuum
375 1597 493 1654 tautum
530 1589 706 1655 admittatur
731 1587 883 1656 divisionis
909 1589 1087 1674 principium
1114 1593 1179 1662 sive

82 1700 332 1779 fundamentum,
356 1723 412 1779 ne,
435 1704 459 1768 si
479 1705 565 1790 plura
583 1703 794 1778 admittantur,
817 1702 903 1769 varia
919 1702 1071 1770 divisionis
1086 1728 1179 1774 meur·
1207 1762 1209 1765 .

81 1815 141 1878 bra
169 1816 436 1893 commisceantur,
466 1818 606 1903 quodque
631 1817 718 1882 unius
743 1825 788 1882 est
812 1817 850 1882 ad
869 1818 990 1884 alterius
1010 1821 1177 1888 membrum
1248 1846 1255 1861 ·

83 1931 256 2006 reseratum

128 2047 174 2112 3⁰.
199 2057 233 2112 ur
251 2045 357 2112 divisio
374 2064 411 2110 ea
429 2053 525 2109 totum
542 2041 660 2126 Imperii
680 2040 826 2106 ambitum
844 2043 887 2107 ita
903 2047 1132 2130 complectatur,
1144 2061 1186 2117 ut·

81 2158 208 2246 quaevis
236 2179 324 2244 pars,
353 2157 480 2244 quodvis
510 2156 556 2236 jus
581 2155 696 2219 Summi
716 2154 834 2239 Imperii
854 2178 913 2222 una
930 2159 1064 2234 alterave
1081 2174 1179 2249 potes.

81 2286 181 2341 tatum
196 2294 299 2338 earum
320 2271 523 2344 commeatum
736 2254 737 2259 ἵ

126 2392 173 2456 4⁰.
195 2389 318 2455 tandem
338 2397 371 2451 ut
390 2387 513 2470 singulis
534 2386 729 2471 potestatibus
751 2385 793 2450 ita
814 2388 958 2471 separatis
980 2389 1089 2457 limites
1106 2414 1177 2461 cou-

81 2508 269 2579 stituantur‚
292 2522 329 2567 ne
346 2522 425 2592 quae
446 2499 533 2566 unius
551 2508 620 2564 snnr
639 2501 678 2564 ad
698 2501 824 2565 alteram
843 2500 948 2568 referri
970 2505 1101 2590 possint,
1122 2530 1178 2575 nec

79 2639 176 2686 unum
194 2618 334 2701 idemque
353 2615 400 2695 jus
418 2614 537 2699 Imperii
547 2609 642 2690 simul
662 2613 785 2682 diversis
806 2615 957 2681 tribuatur
972 2623 1179 2702 potestatibus.

125 2733 203 2796 Mira
218 2739 318 2794 autem
336 2739 379 2794 est
397 2726 733 2801 diversitas'rationum‚
752 2747 826 2812 quas
843 2729 937 2793 secuti
956 2741 1025 2808 sunt
1043 2745 1188 2822 auctores

80 2847 160 2941 uarii
181 2847 213 2912 in
233 2843 377 2913 divisione
393 2864 447 2908 sua
466 2842 584 2928 Imperii
601 2842 798 2908 instituenda.
816 2843 877 2907 Diu
898 2844 1020 2928 quidem
1035 2869 1094 2915 non
1109 2853 1177 2937 plu·

102 3050 148 3108 (tl
164 3047 234 3108 Quod
253 3061 302 3095 non
318 3059 414 3107 omnes,
431 3045 474 3108 qui
488 3044 619 3110 Imperium
638 3041 764 3104 dividunt,
778 3041 916 3092 observasse
935 3043 1055 3098 ridentur.
1071 3046 1120 3102 Sie'.
1134 3065 1190 3106 me.

74 3153 156 3192 noun
175 3141 209 3189 dar
222 3153 292 3205 qous·
309 3143 370 3190 civit
388 3154 410 3187 o.
427 3138 453 3190 6.
472 3139 486 3207 5
504 3141 525 3188 2.
545 3138 625 3200 junct.
643 3153 666 3187 c.
682 3137 720 3186 ta.
735 3134 793 3201 §²-
813 3140 861 3184 trer
876 3135 981 3202 disputat
996 3154 1048 3190 esse
1060 3147 1189 3208 potestates

69 3235 156 3286 civiles
174 3233 251 3297 legisl.
274 3233 342 3284 conl.
365 3237 509 3292 sternent,
526 3227 703 3278 redinterbes
721 3227 879 3293 legislativum
894 3244 946 3280 esse
965 3244 1098 3294 summum,
1117 3250 1190 3298 aqua
1235 3250 1237 3257 ·

72 3335 187 3378 sustene
201 3324 341 3376 derivantur
357 3328 381 3374 et
395 3326 435 3374 cui
451 3329 507 3372 sunt
521 3323 659 3374 submissus.
677 3348 710 3362 -
726 3319 766 3371 Sic
780 3337 880 3386 quoque
894 3334 962 3372 nus
979 3324 1124 3392 Metopbyr.
1133 3332 1190 3381 Asa.

75 3422 190 3490 [ακρῳ.
205 3422 250 3470 dar
265 3401 416 3483 chlrtsl.§
436 3414 477 3469 49.
494 3416 673 3465 distinctionem
699 3415 789 3464 inciens
808 3416 871 3487 inter
884 3413 1009 3465 Summum
1023 3407 1187 3484 Impbrrntem
1246 3464 1250 3471 .

72 3520 99 3565 et
115 3514 226 3576 Regem,
242 3513 280 3562 illi
291 3517 434 3580 potestatem
451 3510 610 3575 legislativum
625 3508 724 3568 tribuit,
737 3521 801 3570 quae
820 3523 913 3558 summu
930 3511 980 3568 est,
997 3506 1054 3559 bule
1069 3528 1126 3564 vero
1142 3533 1188 3583 po.
1289 3529 1297 3540 2

69 3613 184 3658 motem
205 3608 371 3664 executisam,
388 3618 452 3668 qnae
474 3602 504 3651 ab
521 3600 596 3650 alteru
610 3605 688 3667 potest
706 3600 818 3654 destitui.
834 3627 867 3641 -
882 3601 975 3652 Eodem
991 3604 1063 3654 modo
1078 3620 1188 3675 tratura,
1255 3629 1260 3634 ,
1277 3652 1281 3663 s

71 3701 181 3767 Esprr't,
198 3701 258 3765 crr‘q.
277 3706 302 3748 et
315 3691 403 3764 propr.
421 3697 465 3747 dor
488 3695 572 3746 Iustit.
583 3694 669 3768 judic.
686 3692 717 3745 Τ.
732 3708 758 3744 r.
774 3709 800 3758 p·
818 3688 850 3744 33
869 3711 907 3759 sq.
923 3700 1068 3762 potestatem
1089 3703 1187 3766 legista.

69 3792 146 3842 tiram
168 3792 270 3842 caeteris
287 3773 451 3857 ¹potestatibus
472 3786 618 3853 superiorem
638 3783 1190 3861 censet.-1moetiammonumemtum,

70 3885 117 3949 qui
133 3885 223 3950 optima
240 3884 304 3951 apud
319 3882 418 3950 Imperii
434 3879 589 3946 separationis
601 3877 705 3926 lautores
720 3875 802 3936 audit,
820 3881 962 3942 potestatem
974 3883 1127 3947 judiciarium
1144 3908 1188 3958 po·

68 3981 153 4031 astuti
169 3979 315 4044 legislatione
329 3975 452 4040 subjicere
467 3971 575 4032 videtur,
592 3970 635 4018 ubi
645 3967 744 4021 lib.XI.
759 3984 784 4019 e.
798 3970 824 4024 0.
838 3971 874 4034 uit
888 3972 930 4023 ela
946 3975 1073 4040 puisseuce
1091 3981 1188 4046 legiris.

68 4057 119 4124 1170'
133 4078 289 4139 „01”qu
303 4072 394 4136 jugan
411 4099 459 4118 .....
472 4064 520 4114 elle
537 4079 569 4113 ue
583 4065 648 4128 peut·
660 4059 724 4111 douc
740 4060 793 4111 dtre
809 4058 1008 4126 qu’accusutriee.
1024 4068 1084 4119 Meis
1099 4072 1187 4133 derant

67 4168 114 4232 qui
129 4162 347 4217 adsumas-belle?
362 4158 482 4213 Ira-telle
500 4148 623 4207 r'abaisrer
637 4153 725 4202 derant
739 4153 775 4203 les
792 4153 932 4207 Tribuuaux
945 4162 992 4224 qus·
1008 4162 1049 4210 lui
1063 4174 1119 4216 sont
1138 4171 1181 4222 ι’..
1219 4173 1221 4177 ’

64 4256 219 4330 serisseris
237 4284 271 4299 -
286 4257 332 4309 llil
357 4253 540 4309 attenedum
556 4253 636 4304 sutem
651 4248 703 4316 ite,
719 4247 777 4301 dum
799 4247 931 4316 Imperium
947 4252 1053 4310 diuidere
1067 4260 1181 4329 studsut,

63 4357 154 4410 revere
170 4352 234 4423 illud
249 4368 325 4411 suum
345 4364 397 4404 erse
415 4347 556 4415 umescunt.

1064 4444 1084 4508 7

1123 4736 1128 4743 ’
1177 4862 1336 5016 ,r
