2806 5324
771 364 821 458 42

248 549 348 636 populi
363 560 448 636 parte
466 551 552 633 longe
572 552 685 615 minore
707 550 771 634 (l),
795 571 871 637 qnae
889 549 1015 615 audacia
1031 558 1061 613 et
1078 550 1128 636 Vl,
1147 559 1347 634 potestatem,

248 686 324 752 qnae
344 666 384 730 ab
402 665 539 730 omnibns
560 666 714 748 illegitima
739 666 926 741 habebatur,
950 665 1008 730 sibi
1032 656 1241 750 arrogauerat;
1267 669 1349 732 adeo

247 789 282 846 ut
302 781 427 867 populus
449 778 519 863 buic
539 800 637 845 rerum
663 780 865 856 conversioni,
889 802 978 866 quarn
1006 800 1085 845 mere
1104 779 1349 847 aristocraticam

247 897 354 962 merito
375 895 501 970 dixeris,
524 915 628 961 revera
651 918 709 959 non
730 894 911 960 interfuerit.

290 1010 438 1094 Deinceps
454 1029 544 1084 vero,
563 1019 627 1094 post
649 1030 751 1075 necem
772 1033 898 1084 ernost,
924 1007 1037 1092 Anglos
1061 1010 1142 1073 inani
1166 1021 1276 1076 conatu
1300 1013 1349 1076 la·

233 1127 354 1191 'borarc
381 1126 535 1200 videmus,
569 1135 604 1190 ut
634 1125 842 1201 monarchiae,
876 1145 965 1210 quam
997 1124 1169 1198 diruerant,
1200 1127 1349 1210 populare

247 1239 379 1327 regimen
400 1240 625 1305 substituerent.
659 1240 792 1305 Primum
814 1239 892 1304 enim
915 1238 1100 1305 diversorum
1120 1238 1205 1326 longi
1225 1238 1345 1304 Parla-

248 1350 340 1417 menti
362 1354 546 1419 concitorem
570 1344 801 1419 dominationem
820 1353 916 1438 passi,
933 1373 1019 1428 mox,
1040 1353 1147 1418 borum
1164 1353 1348 1419 auctoritate

247 1465 368 1541 fracta,
402 1466 459 1533 sub
494 1443 675 1533 illimitatam
714 1465 895 1553 protectoris
925 1459 1101 1553 potestatem
1132 1465 1343 1553 transierunt3

249 1580 358 1646 deinde
374 1602 476 1655 rursus
492 1583 652 1669 imperium
667 1585 795 1649 divisum
811 1582 869 1648 luit
886 1583 964 1648 inter
979 1580 1077 1649 varios
1094 1582 1223 1646 militum
1237 1584 1345 1662 duces.

248 1695 349 1782 Atque
376 1695 434 1760 boc
458 1696 547 1760 modo
571 1697 602 1761 in
629 1693 737 1763 novam
767 1697 906 1762 continuo
924 1697 1107 1765 servitutem,
1126 1696 1256 1780 delapsi,
1274 1706 1346 1762 tan-

249 1809 317 1874 dem
339 1808 566 1882 intellexerunt,
590 1811 759 1875 libertatem
778 1811 857 1897 apud
875 1830 1014 1892 maguam
1033 1819 1151 1892 geniem
1170 1811 1212 1875 ita
1230 1813 1344 1876 consti-

248 1921 293 1997 tui
310 1910 461 2008 nunquam
479 1944 582 2009 posse,
600 1933 634 1989 ut
660 1925 691 1989 in
716 1924 840 2008 singulis
856 1924 1079 2008 gubernationis
1101 1925 1226 2006 negotiis
1244 1925 1344 2002 inter·

209 2064 211 2069 ⁴
249 2037 361 2111 veniat.
383 2018 586 2115 Quamobrem
611 2038 717 2103 ultimo
743 2039 894 2104 redierunt
921 2037 959 2102 ad
988 2036 1227 2120 constitutionem
1253 2060 1345 2116 earn,

230 2166 326 2232 onae
347 2148 410 2213 sola
432 2170 557 2232 magnae
585 2151 700 2216 civitati
729 2136 897 2237 populoque
924 2151 1018 2216 libero
1046 2151 1212 2226 convenit,
1228 2151 1347 2218 scilicet

115 2314 131 2330 .,
248 2262 280 2342 in
298 2283 356 2349 qua
378 2265 466 2349 pauci
486 2265 671 2344 deliberant,
693 2274 723 2329 et
742 2285 819 2329 unus
837 2265 1020 2349 exsequitur,
1035 2265 1089 2329 ‘sed
1107 2265 1139 2330 in
1157 2286 1217 2356 qua
1235 2268 1345 2349 simul,

249 2396 303 2460 per
330 2378 424 2462 ipsam
451 2399 549 2444 rernm
575 2379 814 2464 dispositionem,
840 2380 971 2443 omnium
999 2379 1177 2444 desiderium
1200 2382 1230 2444 in
1252 2383 1347 2447 rebus

249 2490 386 2571 gerendis
408 2493 538 2557 conditio
557 2502 601 2557 est
621 2494 797 2559 necessaria.
1248 2569 1251 2574 ,

293 2604 386 2672 Porro
407 2607 432 2671 si
458 2608 496 2671 ab
518 2607 574 2672 boc
597 2618 728 2693 tempore
746 2617 930 2673 transeamus
952 2609 989 2672 ad
1011 2629 1123 2674 annum
1146 2610 1244 2686 1688.
1262 2616 1345 2678 mul·

193 2744 195 2748 ⁴
248 2723 287 2787 tis
312 2723 421 2786 iterum
448 2732 477 2788 et
502 2724 603 2787 solidis
632 2723 813 2805 argumentis
837 2723 963 2807 probare
990 2745 1158 2808 possumus,
1186 2726 1346 2793 Summum

248 2838 408 2922 Imperium
439 2838 539 2923 populi
566 2838 598 2902 in
624 2820 734 2919 Anglia
758 2858 910 2923 nunquam
940 2838 1112 2905 obtinuisse.
1144 2838 1213 2903 Non
1241 2849 1346 2907 autern

219 3033 223 3042 ,
249 2971 346 3016 novae
375 2950 501 3030 hujusce
530 2949 699 3015 rebellionis
730 2972 834 3016 causas
863 2952 1090 3034 indagabimus,
1123 2973 1178 3017 aec
1200 2977 1345 3019 raconou

248 3065 442 3130 defendemus
464 3067 547 3149 (licet
570 3064 690 3130 defendi
718 3063 818 3129 lorsan
843 3074 959 3149 posset,
979 3066 1114 3131 etmulti
1135 3088 1251 3153 quoque
1273 3079 1346 3134 ente

120 3191 129 3205 ”
244 3202 302 3247 nos
319 3181 404 3247 iilum
421 3179 644 3264 defenderint),
668 3179 720 3243 sed
742 3178 846 3270 statim
867 3180 906 3243 ad
924 3200 987 3244 rem
1003 3180 1098 3267 ipsam
1115 3183 1259 3247 dicemus.
1333 3195 1339 3201 ·

292 3295 485 3361 Gorerncnns
506 3314 629 3379 nempe,
653 3292 1021 3375 Princepsnnsusraous,
1044 3305 1199 3384 postquam
1223 3297 1254 3360 in
1274 3295 1346 3360 An-

248 3408 340 3491 gliam
371 3409 517 3485 uenisset,
549 3407 722 3473 concionem
746 3406 863 3470 indixit.
894 3406 929 3471 ln
954 3427 993 3485 ¹ea
1021 3429 1110 3483 vero,
1139 3410 1209 3474 licet
1237 3410 1346 3474 animis

249 3524 465 3590 calescentibus
483 3533 662 3598 convocata,
681 3522 755 3587 nolli
778 3530 878 3585 tamen
896 3520 942 3599 ius
962 3521 1075 3604 Regem
1093 3524 1167 3588 solio
1184 3524 1346 3604 dejiciendi

200 3629 202 3634 ’
248 3636 305 3702 sibi
324 3645 489 3720 competere
510 3637 724 3700 existimarunt.
747 3635 962 3713 Quare,.cum
984 3635 1015 3697 in
1038 3637 1252 3713 constitutione
1269 3659 1343 3700 cau-

130 3751 136 3756 ’
248 3763 312 3818 tum
333 3761 426 3825 esset,
448 3773 485 3815 ne
503 3751 610 3814 solium
628 3769 758 3834 unquam
781 3756 921 3820 vacaret,
944 3738 1102 3832 propositio
1125 3749 1206 3815 lacta
1228 3761 1289 3822 est,
1309 3762 1345 3817 ut

248 3867 320 3949 luga
351 3865 443 3948 Regis
472 3886 526 3950 pro
548 3864 737 3928 abdicatione
758 3860 929 3926 baberetur.
965 3858 1010 3924 Ea
1033 3865 1192 3948 propositio
1214 3888 1232 3930 a
1255 3867 1346 3934 domo

247 3981 455 4048 Communium
472 3980 614 4066 probata,
639 3978 747 4043 deinde
764 3976 866 4042 oblata
884 3984 928 4040 est
947 3975 1047 4040 domui
1067 3977 1204 4055 Parium,
1221 3991 1255 4046 nt
1271 4005 1345 4050 con-

168 4204 179 4218 χ
270 4153 309 4214 (t)
332 4153 399 4211 Quae
422 4153 493 4215 vulgo
516 4151 605 4200 dicitur
629 4165 701 4213 rnmp
718 4151 868 4213 pertenent,
889 4146 958 4211 queri
973 4163 1028 4212 pare
1044 4150 1130 4201 ultima
1146 4153 1197 4202 sive
1214 4153 1354 4218 reliquiaae

137 4278 142 4287 ,
236 4252 286 4293 non
310 4246 375 4293 enirn
399 4245 446 4301 nisi
469 4241 499 4294 50
522 4247 564 4292 eut
586 4239 619 4292 60
636 4241 751 4298 aderant,
767 4238 869 4288 caeteris
885 4237 1032 4307 absentibus.
1050 4265 1082 4280 ·-
1097 4237 1134 4293 Cl.
1150 4254 1237 4306 anus,
1256 4245 1355 4314 history

237 4337 268 4409 of
276 4335 396 4402 Enplend
410 4317 439 4386 to
452 4337 493 4384 tle
508 4336 644 4399 resolution
663 4331 740 4398 tots,
760 4334 808 4386 rol.
824 4331 876 4385 vu.
894 4347 917 4397 p.
941 4331 996 4385 ¹32.
1013 4331 1053 4384 ed·
1073 4332 1164 4416 tete...
