2806 5324
594 401 646 476 75

73 589 78 600 '
109 589 142 656 4.
156 566 209 641 7-
230 564 386 655 Snrnrnum
409 565 574 676 'Imperium
603 600 655 657 aut
674 581 734 655 'uni
765 589 923 677 tribuitur,
956 562 1009 654 aut
1036 589 1158 656 delectis

62 704 266 790 quibusdam,
291 711 343 766 aut
360 702 547 770 multitudini
564 715 654 790 atque
669 704 816 770 omnibus.
839 704 871 768 Si
891 723 981 787 penes
1000 724 1094 792 unurn
1113 713 1158 768 est

62 817 199 881 omniurn
217 836 333 880 summa
349 837 465 893 rerum,
489 795 598 900 regern·
614 819 700 882 illum
717 807 810 882 unum
829 837 970 883 vocamus
990 827 1020 881 et
1037 838 1160 886 manat·-

64 910 164 995 ctiam
181 930 244 998 sire
261 951 385 1013 regnum
406 930 471 1010 ejus
488 930 668 1016 reipublicae
686 940 808 996 statum.
831 931 862 996 Si
881 929 1156 1015 verocivitasopti·

64 1046 194 1108 matium
210 1043 335 1107 arbitrio
351 1041 688 1126 regitur,aristocratic
705 1045 824 1109 dicitnr.
847 1045 907 1111 Ubi
925 1024 1046 1108 tandem
1060 1043 1090 1109 in
1108 1065 1160 1128 po·

65 1159 136 1243 pulo
153 1165 224 1222 snut
242 1156 359 1232 omnia,
387 1153 569 1221 democratia
585 1157 648 1226 sive
668 1157 772 1225 civitas
789 1158 938 1244 popularis
955 1166 998 1220 est
1018 1155 1077 1241 (1).

107 1272 196 1351 Quae
211 1269 332 1355 quidem
348 1288 457 1351 genera
474 1271 602 1355 primum
620 1271 701 1338 vitiis
719 1271 845 1336 obnoxia
866 1280 953 1344 sunt,
978 1286 1056 1353 quae
1070 1289 1159 1354 snpra
1236 1350 1237 1354 Ἰ

64 1365 252 1475 notavimus:
285 1366 393 1446 deinde
422 1382 534 1447 babent
551 1384 647 1447 multa
664 1385 827 1477 perniciosa
846 1385 917 1448 alia.
940 1384 1020 1449 Nam
1039 1385 1070 1450 in
1087 1407 1156 1450 mo·

60 1485 210 1573 narcbie,
231 1494 285 1558 ubi
304 1495 392 1560 unius
410 1495 563 1563 voluntate
580 1496 679 1562 omnia
696 1497 787 1573 fiunt,
812 1517 896 1580 reges
916 1483 1044 1583 Imperio
1062 1520 1160 1584 qnan-

40 1611 166 1695 -doqne
184 1606 359 1684 abutentes,
382 1589 455 1673 dum
473 1610 539 1674 aliis
560 1610 726 1695 imperant,
750 1611 954 1678 suisservinnt
966 1612 1159 1686 libidinibns,

48 1728 204 1810 legesque
218 1732 331 1809 ponunt
347 1724 455 1808 populo
467 1770 476 1800 ,
490 1716 608 1809 'quibus
628 1724 682 1809 ipsi
700 1745 758 1789 non
780 1734 915 1810 pareant.
938 1726 1097 1794 Enimvero
1113 1725 1162 1789 fa·
1186 1760 1189 1765 ·

63 1852 133 1907 teor
157 1837 382 1905 monarchicam
410 1847 605 1923 potestatem,
637 1838 693 1903 nisi
713 1840 830 1904 sinistre
851 1841 996 1925 explicato
1015 1840 1166 1931 vocabulo·

54 1951 214 2031 absoluti,
237 1963 289 2018 aut
303 1953 359 2018 nisi
378 1953 527 2019 bominem
544 1940 638 2036 lingas
652 1952 735 2017 nulla
752 1941 823 2036 erga
839 1953 938 2019 Deum
948 1956 1076 2041 pietate,
1090 1956 1158 2020 nul-

66 2072 102 2136 lo
116 2090 186 2152 erga
202 2055 342 2155 populum
357 2069 489 2153 pudore,
513 2066 596 2132 nulla
605 2086 674 2150 erga
685 2086 717 2131 se
725 2066 820 2150 ipsum
830 2067 1009 2135 conscientia
1020 2072 1163 2136 constric-

73 2193 153 2259 tum,
170 2173 245 2252 nibil
263 2174 468 2248 calamitosum
486 2191 538 2247 aut
556 2172 656 2245 liberis
674 2180 844 2245 bominibus
859 2180 1047 2248 intolerabile
1065 2187 1165 2251 conti-

74 2317 163 2370 nere;
188 2288 240 2360 s'ed
270 2299 301 2362 in
331 2317 366 2362 eo
391 2307 493 2362 tamen
512 2295 679 2381 periculum
699 2293 811 2371 hahet,
835 2296 915 2380 quod
935 2296 1167 2364 utriushominis

77 2413 240 2492 judicium,
266 2412 305 2475 ab
323 2411 472 2476 erroribus
484 2402 552 2474 ¹non
571 2396 723 2484 immine,
747 2409 778 2473 in
797 2410 993 2496 despiciendis
1009 2412 1065 2487 iis,
1089 2433 1169 2498 quae

77 2518 114 2592 ad
126 2515 288 2591 utilitatem
307 2526 489 2611 reipublicae
508 2507 640 2601 laniant,
663 2524 753 2589 laoile
768 2525 864 2611 decipi
877 2527 986 2611 possit,
1010 2547 1064 2593 nec
1083 2537 1169 2604 tanta

77 2641 114 2706 sit
141 2639 278 2734 omnibus
300 2640 395 2704 animi
425 2638 567 2716 firmitas,
591 2617 625 2701 ut
642 2637 674 2702 in
690 2638 820 2701 marinna
838 2639 960 2704 licentia
978 2642 1170 2707 moderentur

80 2756 133 2820 sibi
153 2764 184 2819 et
205 2756 288 2838 qnasi
308 2753 426 2818 frenum
445 2753 659 2838 cupiditatibus
676 2752 833 2836 injungant
851 2752 911 2839 (2).

119 2845 347 2937 Aristocratiam
375 2856 513 2954 prendunt
531 2868 694 2944 sactiones,
717 2868 922 2954 bonorumque
943 2869 1170 2948 contentiones,

81 2974 110 3050 et
133 2985 248 3050 tardae
264 2972 510 3056 deliberationes}
533 2963 648 3065 flagitia
664 2970 820 3068 procerum
838 2971 961 3049 manent
977 2985 1074 3063 inulta
1098 2985 1168 3072 (3);

84 3100 186 3166 crebro
209 3100 240 3163 in
259 3107 365 3164 senatu
381 3099 458 3162 alter
478 3098 599 3162 alterius
619 3101 773 3184 potestatis
790 3086 947 3195 inpatieus
965 3110 1027 3178 est,
1051 3110 1081 3165 et
1097 3123 1175 3181 unus

84 3215 204 3281 tandem
222 3204 369 3295 exsurgit,
393 3211 446 3297 qui
463 3213 641 3278 assentando
657 3205 853 3298 orinniaregit.
872 3217 990 3300 ¹I‘orro,
1006 3237 1074 3280 cum
1085 3234 1174 3302 saepe

85 3316 296 3417 relnpublicarn
314 3347 384 3413 opes
399 3346 561 3412 paucorum
583 3349 643 3392 non
659 3329 786 3394 virtutes
802 3337 938 3402 teneant,
967 3349 1075 3399 nomen
1088 3332 1176 3424 ¹opti-

86 3443 209 3511 matium
226 3443 270 3508 illi
286 3431 433 3527 principes
448 3442 599 3507 mordicus
610 3439 719 3508 ‘ierunt
736 3444 876 3529 quidem,
900 3464 933 3508 re
951 3452 1053 3511 tamen
1073 3456 1176 3512 carent

88 3542 261 3626 eonomine.
284 3557 418 3635 Divitiae
435 3578 522 3632 vero,
546 3568 580 3623 ut
598 3561 751 3644 praeclare
769 3558 811 3624 ait
833 3582 964 3625 nunnus
987 3559 1178 3654 (l),vacuae

109 3737 147 3797 (l)
165 3733 203 3785 (ll.
219 3745 268 3782 erc.
285 3729 435 3797 carmus
453 3730 495 3782 26.

73 3916 101 3967 Ἠ
111 3829 297 3910 (uxebantur
310 3829 505 3908 panniculae
518 3830 569 3896 cccl
582 3827 643 3912 ὅρον
654 3828 825 3911 ἐπιθυμίαις
838 3829 1045 3913 ὑπηρετούσης
1054 3830 1204 3908 ἐξουσίαις.

103 3930 172 3966 anon.
190 3918 211 3968 1.
227 3920 254 3969 4.
424 3924 427 3929 '

110 4005 151 4072 (³)
168 4009 240 4060 Unde
257 4011 381 4076 ingenioso
396 4009 631 4059 voruntas-alicubi
647 4009 740 4067 (loonrn
757 4025 807 4057 non
818 4010 925 4075 praecisa
935 4009 1059 4067 memini),
1076 4009 1194 4060 netarium
1241 4033 1243 4038 ¹

80 4092 201 4155 quoddam
223 4093 318 4141 lacinus
342 4108 493 4150 memorans,
515 4093 581 4156 juret·
598 4091 764 4155 indignatione
781 4097 874 4146 motus,
903 4091 959 4139 talia
975 4091 1006 4138 ab
1023 4080 1196 4142 immanissimo

79 4174 176 4238 quidem
194 4183 296 4240 tyranno
312 4176 444 4241 perpetrari
461 4189 510 4223 non
527 4174 632 4241 potuisse
649 4173 723 4232 dicit,
739 4172 782 4222 red
798 4173 898 4237 impune
914 4187 944 4221 ao
960 4171 1166 4223 confidentissime
1183 4190 1197 4223 a

79 4257 189 4324 pluribus
204 4259 229 4308 in
247 4264 320 4308 coetu
335 4258 488 4323 conjunctis,
511 4259 603 4322 qnippe
619 4257 744 4305 ntrooitute
761 4256 880 4315 qindioteo
896 4253 1075 4330 gaudentibus,
1100 4255 1198 4306 nemine

80 4355 136 4390 roro
152 4341 308 4406 opprobrium
324 4341 383 4390 lacti
400 4339 431 4390 ad
447 4356 473 4390 ro
490 4340 613 4408 pertinere
630 4342 740 4407 putente·

111 4435 149 4498 (4)
167 4430 204 4484 De
220 4433 284 4500 trop.
300 4433 321 4485 1.
337 4432 377 4485 34.

1000 4495 1096 4559 ³10
