2806 5324
663 411 714 484 69
809 495 833 500 ff

137 637 144 653 ι
189 592 240 658 Ita
263 601 379 680 quoque
400 595 430 658 in
452 594 632 662 democratia
654 598 726 663 vitia
747 597 900 662 bominum
921 606 1007 670 sunt,
1031 597 1057 662 si
1075 599 1239 665 turbulenti
1300 666 1302 673 ,

140 709 262 774 tribuni
288 718 319 773 et
345 708 465 774 flabella
489 710 584 794 plebis
609 710 769 776 sententias
785 732 853 779 suas
870 711 1035 797 importune
1054 722 1192 787 tuentur3
1213 719 1237 778 si

142 824 272 889 crebrae
302 823 454 906 agitantur
480 825 691 890 aemulationes
724 847 792 889 cnm
823 826 985 899 divitibns;
1016 825 1041 889 si
1067 827 1179 891 sordidi
1210 839 1239 893 et

143 941 246 1023 ignari
268 939 402 1004 homines
424 938 513 1002 rebus
534 941 671 1020 gerendis
692 939 912 1024 praeficiuntur,

192 1053 244 1118 Slo
268 1054 392 1118 tandem
422 1052 453 1116 in
482 1053 679 1138 qualicunque
705 1052 835 1119 civitatis
861 1054 957 1137 speeie
984 1050 1057 1133 sitia
1080 1051 1238 1118 bominum

146 1278 333 1362 negligenter
354 1279 449 1344 officio
466 1280 650 1363 iunguntur;
668 1283 717 1346 vel
738 1280 762 1344 si
781 1282 880 1356 nives,
903 1279 1010 1366 quibus
1026 1283 1089 1346 sola
1105 1283 1237 1369 obsequii

80 1465 81 1468 Ἴ
145 1394 245 1477 gloria
266 1393 371 1460 relicta
392 1403 454 1471 est,
473 1394 598 1479 superbe
619 1394 808 1460 dominantur
823 1395 999 1482 frenumque
1014 1397 1166 1466 mordent:
1185 1407 1237 1464 aut
1316 1417 1319 1423 ·

145 1509 176 1572 si
196 1517 300 1573 contra
316 1508 403 1574 nimis
422 1509 574 1574 humiliter
590 1509 738 1585 serviunt,
762 1509 929 1573 libertatem
944 1530 1030 1583 vero,
1046 1529 1123 1594 quae
1139 1512 1237 1574 media

132 1631 215 1697 ost,
237 1643 293 1687 nec
314 1643 452 1707 spernere
472 1624 606 1697 modice,
630 1645 683 1688 nec
707 1622 817 1687 babere
838 1623 945 1688 sciunt.

171 1774 174 1779 Δ
194 1736 274 1818 Ergo
288 1738 434 1804 malorum
452 1736 624 1820 in‘sing'ulis
642 1757 740 1801 rorum
752 1727 939 1821 publicarum
949 1735 1051 1800 formis
1061 1744 1121 1801 tres
1131 1729 1239 1801 haberi

74 1894 75 1898 =
148 1850 264 1915 debent
287 1871 412 1914 causae:
439 1852 552 1916 scilicet
574 1872 667 1936 prava
687 1850 777 1936 ipsius
796 1834 924 1917 ciuitatis
944 1849 1112 1936 dispositio,
1140 1850 1236 1934 lmpe·

82 2030 86 2035 ,
109 1976 111 1979 ’
147 1964 284 2029 santium
298 1963 405 2043 libido,
426 1967 613 2032 subditorum
630 1968 760 2032 licentia.
780 1967 885 2052 Neque
903 1973 960 2038 est,
982 1965 1059 2051 qnod
1078 1964 1235 2040 miremur,

147 2099 390 2166 unamquamque
411 2081 527 2165 imperii
546 2081 688 2157 lemnam,
710 2081 789 2146 vitiis
806 2077 960 2144 laborare:
981 2062 1139 2161 Imperium
1158 2080 1237 2146 enim

149 2191 294 2259 adversum
319 2194 399 2258 mala
423 2192 461 2257 ab
490 2193 642 2259 bominum
669 2195 816 2279 pravitate
838 2191 1023 2256 imminentia
1044 2193 1238 2280 constitutum

103 2360 105 2365 .
149 2307 227 2374 luit:
248 2307 420 2374 ‘humanum
439 2329 509 2377 vero
527 2316 589 2384 est,
617 2311 756 2394 ut'saepe
774 2309 887 2372 malum
903 2328 964 2391 non
980 2305 1036 2371 nisi
1055 2326 1108 2391 per
1124 2307 1238 2370 malum

149 2419 235 2485 aliud
261 2421 369 2488 evitari
392 2422 499 2508 possit,
515 2432 556 2489 et
582 2424 741 2509 aliquando
760 2423 850 2488 etiam
869 2422 1018 2499 medicina
1035 2420 1239 2488 veliementior

149 2533 188 2597 sit
215 2534 328 2598 morbo.
361 2537 573 2622 Imperantinm
602 2545 631 2601 et
656 2535 841 2600 subditorum
868 2533 991 2600 affectus
1015 2535 1064 2602 vix
1084 2534 1236 2600 conciliari

150 2659 265 2736 queunt
276 2686 292 2726 ,¹
307 2661 344 2729 ‚et
366 2650 398 2717 si·
415 2652 565 2716 interdum
586 2651 629 2716 illi
649 2659 793 2734 potestate
812 2651 994 2726 abutantur,
1013 2672 1073 2714 non
1090 2650 1188 2715 minus
1204 2649 1236 2714 bi

137 2764 214 2829 -anis
232 2763 349 2844 juribus
370 2761 454 2830 abuti
475 2767 581 2830 solent.
617 2823 618 2831 ,
936 2758 946 2772 ”
1192 2754 1194 2759 ’

157 2880 227 2943 υ3.
248 2879 292 2928 -’-
313 2881 415 2960 Qnum
442 2880 533 2964 igitur
561 2887 605 2945 tot
630 2887 749 2964 tamque
768 2876 880 2942 fertiles
897 2878 955 2942 sint
974 2880 1120 2944 malorum
1137 2880 1168 2944 in
1189 2899 1235 2943 re-

149 2985 335 3078 buspublicis
354 2986 483 3070 causae,
514 2993 704 3060 vehementer
722 3004 823 3059 errare
838 2993 996 3069 videnlur,
1017 2994 1066 3079 qui
1084 2995 1235 3067 civitatem

149 3110 288 3174 omnibns
315 3110 444 3185 numeris
470 3107 636 3175 absolutam
652 3129 783 3193 unquam
802 3109 939 3173 constitui
955 3096 1038 3193 posse
1057 3110 1235 3174 existiment.
1252 3146 1255 3151 .
1318 3182 1320 3186 ,

150 3223 298 3311 Equidem
324 3226 455 3308 singulas
485 3225 601 3308 lmperii
622 3224 739 3289 formas
763 3226 805 3288 ita
830 3213 1014 3308 comparatas
1033 3244 1096 3288 esse
1114 3231 1233 3306 putem,
1343 3241 1345 3243 ’

150 3347 185 3402 ut
213 3340 290 3403 omni
318 3339 438 3402 omnino
462 3340 647 3403 incommodo
668 3359 767 3403 carere
784 3347 946 3424 nequeant,
975 3336 1146 3421 praesertim
1164 3356 1233 3398 cum

150 3452 205 3516 illa
224 3452 262 3515 sit
279 3447 526 3517 vitaehumanae
546 3453 696 3542 conditio,
719 3461 756 3518 ut
773 3453 890 3536 plenam
910 3450 1120 3536 perlectionem
1138 3449 1233 3516 bomi-

151 3588 206 3633 nes
232 3569 347 3654 assequi
375 3589 432 3631 non
457 3567 555 3643 sinat,
585 3576 675 3654 atque
698 3567 803 3631 borum
823 3567 942 3631 solertia
960 3588 1018 3630 non
1038 3553 1123 3631 suam
1142 3548 1255 3652 usque¹

150 3666 326 3748 felicitatem
352 3671 525 3766 adaugere,
547 3682 598 3746 sed
623 3681 719 3746 solum
742 3682 841 3753 mala,
863 3681 970 3765 quibus
986 3691 1165 3763 gravantur,
1184 3682 1234 3746 di-

146 3773 286 3862 minuere
312 3797 484 3882 plemmque
507 3795 617 3860 valeat.
648 3792 694 3860 Ac
719 3796 744 3860 si
771 3796 817 3861 vel
843 3796 974 3860 maxime
995 3798 1235 3862 constitutionem

150 3910 283 3996 aliquam
301 3912 382 3976 omni
401 3909 473 3978 vitio
490 3909 612 3974 liberam
628 3911 852 3993 excogitaveris,
864 3913 935 3997 quin
945 3914 1004 3978 imo
1012 3913 1163 3978 civitatem
1173 3911 1236 3974 Re·

149 4015 273 4109 pnbliea
289 4028 435 4090 rinconis
454 4025 689 4116 excellentiorem
706 4025 823 4091 finxeris
838 4027 952 4102 animo,
971 4037 1083 4102 tamen,
1104 4004 1156 4089 ubi
1168 4043 1237 4090 eam

147 4116 272 4226 exsequi
289 4141 438 4214 volneris,
460 4157 528 4205 mox
544 4139 714 4227 apparebit,
735 4141 817 4205 ideas
836 4142 904 4207 illas
923 4143 961 4206 de
978 4141 1112 4231 perfecta
1125 4133 1234 4207 consti·

148 4252 266 4321 tutione
283 4252 412 4321 civitatis
429 4255 489 4320 olio
509 4255 772 4342 comtemplationis
788 4274 851 4321 esse
861 4256 1080 4343 relinquendas,
1101 4266 1132 4323 et
1143 4257 1235 4323 veluti

77 4418 78 4424 η
146 4364 282 4457 somnia,
312 4368 437 4455 pulchra
460 4368 599 4457 quidem,
625 4369 676 4436 sed
704 4390 856 4457 nunquam
879 4370 1020 4437 exstitero
1046 4372 1235 4448 considerau-
