2806 5324
565 409 699 484 .t0

132 600 170 663 ad
197 583 290 665 vitam
313 582 558 684 socialem'aptus
576 609 758 667 nasceretur.
780 599 884 685 Neque
899 617 972 666 vcro
988 597 1096 684 primos
1118 598 1231 662 soola··

134 715 259 777 bilitatis
285 735 376 778 nexus
400 696 553 778 bominum
581 715 801 780 inventionibus
829 715 995 788 commisit,
1026 713 1079 777 sed
1101 732 1150 775 eos
1181 732 1218 774 arr

134 830 197 918 ipsa
223 848 321 892 rerum
345 838 471 904 natura,
494 829 613 914 qualem
637 829 822 903 instituerat,
851 829 980 896 derivari
1003 827 1117 896 voluit:
1137 825 1219 889 solus

134 945 241 1030 quippe
269 944 356 1016 ordo,
386 966 444 1029 quo
468 942 630 1008 humanum
645 964 737 1026 genus
755 944 936 1028 perdurare,
957 952 988 1006 et
1008 939 1111 1022 augeri
1128 948 1235 1023 atque·

133 1060 231 1145 perlici
251 1060 355 1138 jussit,
377 1060 443 1124 aliis
462 1069 495 1123 ul
513 1060 709 1144 imperarent,
730 1059 795 1121 aliis
812 1077 885 1121 vero
900 1067 933 1121 ut
952 1067 1104 1142 parerent,
1122 1059 1234 1140 legemr

133 1175 239 1260 posuit.
272 1173 321 1239 Sic
348 1149 450 1238 mutua
469 1183 584 1258 patrem
602 1172 681 1236 inter
700 1182 728 1235 el
749 1172 857 1236 liberos
874 1173 979 1237 relatio
996 1173 1118 1237 minime
1136 1172 1234 1236 arbi-·

132 1289 224 1353 traria
243 1298 304 1365 est,
331 1289 475 1386 siquidem
491 1270 586 1371 patri,
607 1286 678 1350 dum
697 1296 778 1350 certa
798 1287 893 1351 officia
908 1287 1069 1365 observare
1086 1287 1232 1359 debeat,·'

132 1403 219 1467 certis
235 1424 353 1490 quoque
368 1403 483 1495 juribus
501 1402 544 1467 uli
563 1403 641 1489 licet.
664 1400 753 1485 Apud
771 1421 871 1464 omnes
890 1421 961 1467 vero
978 1412 1081 1484 gentes
1099 1411 1223 1485 patrum*

132 1519 294 1583 auctoritas
312 1539 411 1592 sacra,
431 1518 590 1594 liberorum
609 1520 701 1601 pietas
722 1514 901 1580 inviolabilis
910 1514 1050 1579 creditur.
1059 1515 1219 1600 Tanquam

132 1642 236 1697 auctor
261 1630 392 1698 familiae
416 1641 500 1716 pater
527 1633 558 1695 ln
584 1631 709 1695 eandem
723 1639 900 1715 potestatem
914 1639 1046 1704 exercet,
1068 1631 1221 1716 quinimo

131 1748 330 1814 venerationis
352 1725 454 1811 seusus
471 1746 592 1832 ‘quidam
607 1766 708 1809 omnes
727 1746 937 1809 descendentes
957 1743 1106 1809 communi
1125 1742 1231 1827 sriptrt

132 1861 245 1944 jungit,
265 1870 295 1925 et
312 1883 369 1925 non
388 1859 482 1925 solum
499 1871 614 1944 patrem
633 1853 703 1924 colit
712 1859 804 1933 lilius,
817 1859 867 1923 sed
879 1867 1009 1935 clavum
1018 1865 1048 1919 et
1057 1877 1229 1941 proavum,-

133 1972 168 2039 ac
191 1984 256 2060 post
279 1975 388 2039 multas
406 1976 496 2039 etiarn
513 1975 718 2066 generationes
737 1995 824 2046 eum,
849 1975 898 2061 qui
917 1975 1029 2060 primus
1049 1984 1152 2038 auctor
1172 1972 1221 2038 fa·

133 2091 233 2155 miliae
250 2090 357 2165 fuerit,
375 2111 476 2154 omnes
495 2110 595 2154 amore
615 2099 644 2154 et
663 2090 826 2176 obsequio,
850 2090 875 2153 si
896 2091 983 2154 modo
1000 2077 1135 2164 viveret,
1154 2089 1228 2172 dig-¹

132 2227 208 2271 num
222 2204 377 2292 baberent.
1181 2211 1184 2216 “

73 2333 77 2342 “
126 2334 129 2342 ’
174 2314 1223 2405 Exbisceautem,sidefnctr'squaeratur,quidinipsisbumauigene·

133 2433 173 2498 ris
195 2433 287 2501 initiis
303 2440 414 2495 statum
435 2431 554 2500 civilem
569 2432 809 2516 praeparaverit,
830 2433 919 2498 facile
926 2434 1110 2518 perspicitur.
1121 2434 1221 2497 Unus-

133 2535 260 2630 quisque
279 2535 391 2631 scilicet
408 2547 621 2631 paterfamilias
639 2549 955 2633 potestatembabebat
966 2550 996 2613 in
1005 2549 1136 2634 proprios
1145 2549 1222 2612 libe·
1276 2544 1277 2548 ’

132 2682 199 2734 ros,
215 2669 217 2673 ’
231 2668 322 2744 alque
347 2661 378 2724 hi
404 2662 512 2727 deinde
540 2661 571 2726 in
598 2684 684 2726 suos:
705 2663 868 2727 communis
883 2685 952 2730 vero
970 2673 1053 2749 pater
1069 2665 1100 2727 ln
1119 2683 1223 2728 omnes

132 2760 204 2842 alios
222 2797 382 2868 omnesque
400 2797 501 2840 eorum
523 2776 652 2848 familias
673 2778 897 2844 dominabatur:
914 2767 1047 2844 isautem
1058 2771 1222 2843 somniatus

130 2893 229 2979 regiae
248 2890 400 2977 potestatis
420 2891 502 2955 velut
519 2893 630 2976 species
648 2903 731 2971 erat,
753 2895 828 2958 adeo
842 2895 1110 2979 utsensuquodam
1122 2893 1222 2957 dicere

131 3003 238 3079 liceat,
265 2991 342 3071 banc
370 2992 437 3077 cum
460 3006 521 3091 ipso
542 3027 649 3090 genere
668 3007 800 3073 humano
818 3017 919 3071 natam
939 3028 1020 3082 esse,
1042 3017 1071 3072 ct
1090 3007 1220 3093 primum

129 3101 376 3206 patremfamilias
391 3121 519 3205 primum
536 3121 627 3184 fuisse
644 3139 762 3203 regem·
773 3121 882 3188 Verum
898 3142 967 3186 cum
985 3122 1122 3206 deinceps
1140 3112 1221 3215 mul·

131 3233 336 3318 tiplicarenlur
353 3236 503 3310 familiae,
518 3228 639 3301 vincula
655 3236 847 3315 subjectionis
867 3255 938 3318 erga
952 3256 1137 3330 communem
1148 3256 1221 3299 auc-

131 3359 226 3414 torem
251 3342 345 3434 magis
363 3352 394 3416 in
416 3351 494 3416 diem
515 3352 712 3427 laxabantur,
736 3352 930 3436 diversaeque
951 3351 1077 3434 stirpes,
1098 3350 1167 3414 licet
1186 3367 1223 3412 err

132 3467 236 3530 eodem
262 3468 365 3551 stipite
387 3460 501 3540 natae,
526 3445 619 3556 magis
640 3468 678 3531 ab
700 3467 828 3557 invicem
846 3453 1106 3537 distrahebantur,
1125 3463 1223 3547 prima

132 3579 239 3644 deinde
258 3601 373 3645 morum
390 3582 562 3663 integritate
581 3591 735 3666 corrupta,
758 3580 881 3645 ambitio
897 3588 988 3663 alque
1008 3579 1137 3644 avaritia
1153 3588 1222 3645 tur-

131 3696 186 3760 bas
205 3707 234 3761 et
249 3695 372 3760 dissidia
387 3696 537 3760 concitare
554 3695 668 3780 coepit:
686 3696 879 3779 quamobrem
898 3703 932 3758 ut
948 3693 1109 3758 auctoritas
1126 3713 1222 3778 quae·

130 3810 199 3874 dam
227 3804 408 3885 communis,
435 3810 487 3874 sed
508 3830 544 3873 ea
561 3810 657 3894 magis
676 3810 800 3883 efficax,
821 3809 1050 3873 constitueretur
1066 3799 1244 3872 necessum

47 4000 48 4003 Ἴ
129 3924 197 3990 fuit.
222 3925 297 3989 Cum
315 3923 393 4005 enim
414 3934 498 3988 tanta
515 3924 576 4004 jam
600 3934 675 3989 esset
695 3918 793 3988 rerum
803 3923 985 4006 agendarum
995 3921 1139 3993 varietas,
1151 3930 1221 3986 tan-

128 4048 221 4124 taque
247 4037 408 4104 affectuum
432 4039 587 4123 pravitas,
618 4048 670 4114 ut,
701 4039 774 4123 quid
805 4028 865 4123 quo
891 4027 1024 4121 tempore
1053 4034 1220 4118 agendum,

130 4136 279 4237 quibusve·
292 4156 387 4220 modis
406 4155 538 4218 omnium
558 4155 638 4219 salus
657 4153 839 4227 obtinenda,
861 4174 919 4216 non
930 4152 1100 4234 ignorarent
1111 4149 1219 4224 modo,

128 4267 181 4331 ‘sed
203 4277 250 4341 et,
268 4271 384 4335 etiamsi
401 4270 528 4345 seirent,
548 4269 598 4336 vix
616 4277 756 4350 agerent,
779 4266 847 4330 inde
866 4266 1026 4352 prudentia
1046 4266 1148 4350 aliqua
1166 4288 1219 4331 su-

130 4403 231 4469 prema
258 4374 331 4471 opus
357 4394 440 4464 erat,
473 4403 551 4477 quae
579 4382 791 4469 praescriberet
816 4390 846 4447 et
873 4390 1066 4470 proponeret,
1095 4375 1221 4468 quidet
