2806 5324
601 350 650 421 67

67 533 294 619 expressionem
310 533 418 608 ierant.
431 590 436 603 .
448 534 526 601 Fieri
548 538 626 602 enim
645 558 727 622 posse
745 535 937 616 intelligitur,
967 543 1000 598 nt
1027 553 1165 598 nonnun-

69 670 168 733 quam
193 648 320 738 tyranni
348 671 456 715 nomen
484 652 575 715 etiam
601 652 632 714 in
662 652 772 715 bonum
801 649 963 733 principem
992 648 1166 712 devolvatur

70 765 115 829 ab
134 766 189 837 iis,
212 751 320 850 quibus
337 746 407 849 ipse
415 766 462 829 vel
480 785 616 848 praeseus
632 773 726 828 status
745 762 891 845 displicet.

118 869 221 962 Atque
247 898 283 941 ex
299 877 346 942 his
365 887 463 943 tamen
483 881 580 943 causis
597 878 691 944 oritur
708 878 877 962 opinionum
896 875 933 938 de
957 873 1087 964 Summis
1104 872 1164 935 lm·

70 992 247 1076 perentibus
263 993 358 1075 deque
376 991 477 1056 formis
492 992 611 1076 Imperii
624 1012 738 1056 summa
755 1009 841 1075 saepe
855 989 948 1052 libido
963 998 992 1052 et
1006 988 1162 1071 iniqnitasl
1225 1027 1228 1030 >
1302 988 1305 996 '

70 1105 153 1168 Nam
182 1105 251 1178 alii,
281 1106 331 1190 qui
358 1105 390 1168 in
419 1105 600 1169 democratia
632 1104 752 1169 educati
778 1110 865 1171 sunt,
891 1121 1050 1182 magnum,
1083 1100 1163 1184 quud

69 1240 177 1285 revera
206 1228 267 1294 est,
298 1218 457 1283 discrimen
483 1218 561 1283 inter
586 1218 755 1282 absolutam
776 1225 805 1280 et
824 1215 1013 1280 arbitrariam
1033 1223 1164 1301 potesta·

68 1343 134 1398 tem
154 1333 220 1418 (l),
244 1333 414 1398 nullomodo
436 1333 633 1419 perspiciunt,
655 1343 685 1397 et
702 1353 801 1397 servos
820 1332 989 1415 appellant,
1011 1350 1085 1414 quos
1102 1326 1162 1390 lm·

66 1450 154 1534 perio
168 1447 359 1512 monarcbioo
375 1448 477 1515 rident
494 1447 654 1524 subjectos.
677 1444 758 1520 Alii,
779 1447 1066 1532 quibuspaucornm
1084 1441 1161 1522 regi·

65 1582 141 1626 men
158 1562 253 1643 magis
273 1561 388 1645 placet,
408 1560 539 1624 studium
558 1560 720 1634 libertatis,
744 1580 802 1645 qua
824 1560 899 1625 nihil
917 1559 1065 1631 sanctius,
1085 1556 1160 1620 nihil

65 1675 229 1760 optabilius
252 1674 425 1760 praedicare
444 1683 562 1748 amant,
588 1683 709 1739 tantam.
733 1675 818 1753 ajunt
841 1676 870 1739 in
893 1674 1025 1757 omnium
1047 1671 1161 1737 animos

66 1790 132 1854 vim
150 1798 180 1853 et
200 1789 406 1853 anctoritatem
424 1807 573 1862 exercere,
595 1798 628 1853 ut
644 1810 694 1853 eos
709 1799 818 1854 cuneta
833 1790 930 1854 moliri
948 1789 1041 1856 veluti
1057 1793 1159 1867 cogat,

62 1905 91 1969 si
108 1903 237 1990 quando,
248 1901 401 1988 peregrina
418 1902 578 1966 dominatio
595 1904 764 1987 repellenda
782 1903 885 1967 luerit:
901 1902 1071 1988 quasivero
1086 1919 1157 1981 gen-

63 2026 129 2093 tes,
158 2037 233 2102 quae
252 2017 307 2080 sub
332 2014 457 2100 Imperio
483 2016 674 2080 monarchieo
704 2017 825 2089 vivunt,
851 2015 995 2096 libertatis
1024 2017 1158 2080 stimulos
1208 2082 1211 2088 ,

62 2129 184 2214 penitus
201 2131 353 2212 ignorent,
378 2150 413 2194 ae
432 2129 499 2193 ideo
515 2129 613 2192 minus
633 2128 719 2193 liberi
738 2129 816 2203 siut,
839 2149 928 2214 quam
944 2128 994 2212 qui
1015 2149 1032 2191 a
1050 2137 1156 2191 senatu

60 2252 228 2326 reguntur,
250 2243 320 2328 quia
338 2242 472 2307 dominos
489 2265 558 2307 suos
579 2265 656 2319 uon,
676 2252 709 2307 ut
727 2243 788 2314 illi,
807 2243 999 2327 multiplicari
1018 2244 1119 2307 velint.

45 2371 53 2383 “
106 2357 153 2420 lta
180 2377 252 2421 sane
279 2355 406 2432 Graeci,
438 2339 593 2441 postquam
621 2357 677 2421 sub
709 2357 831 2439 regibus
861 2358 978 2440 longam
1004 2360 1153 2423 malorum

57 2471 168 2535 seriem
184 2469 297 2555 experti
316 2469 448 2546 luerent,
465 2491 611 2534 summam
626 2470 756 2535 civitatis
774 2470 948 2537 felicitatem
965 2475 996 2539 in
1014 2474 1152 2538 libertate

57 2583 196 2668 populari
215 2585 278 2649 lere
298 2585 422 2648 existere
441 2583 631 2662 iudicabant,
646 2593 675 2648 et
692 2583 838 2669 quoslibet
853 2587 1030 2652 monarchas
1046 2594 1151 2677 tyron·

58 2719 116 2761 nos
134 2698 338 2782 appellabant:
364 2699 447 2761 nulla
468 2699 583 2761 ratione
604 2697 727 2770 habita,
750 2718 820 2760 num
843 2698 886 2763 illi
903 2709 1078 2783 potestatem
1093 2699 1149 2764 sibi

56 2811 191 2894 legitime
213 2813 453 2905 acquisivisseut,
473 2833 602 2898 numque
623 2811 737 2875 Summi
760 2811 876 2893 Imperii
898 2812 993 2877 otlicia
1014 2813 1149 2894 religiose

55 2925 270 3002 observarent,
294 2946 348 2991 ner
371 2946 408 2991 ue
426 2928 484 3015 (2).
507 2928 556 2991 Sir
574 2927 664 3013 etiam
688 2925 766 3009 apud
785 2924 950 3000 Romanos,
976 2925 1026 3011 qui
1046 2933 1148 2989 tamen

55 3038 186 3123 primum
204 3042 322 3123 regibus
339 3051 515 3126 paruerunt,
533 3049 691 3124 posteaque
711 3039 762 3102 diu
783 3039 925 3117 rejectam
941 3039 1146 3121 monarchiam

54 3163 250 3239 receperunt,
275 3156 351 3239 regis
373 3156 483 3220 nomini
502 3165 674 3240 perpetuam
690 3156 772 3219 velut
791 3156 1016 3220 detestationem
1033 3143 1145 3218 a'dhae
1206 3244 1207 3248 Ἰ

80 3352 123 3410 (l)
137 3353 264 3403 tondente
279 3354 395 3406 Freneies
410 3354 435 3402 in
452 3354 573 3421 prioribus
597 3351 768 3402 Distionnars‘s'
790 3355 828 3401 rui
844 3353 989 3402 editionibus
1004 3366 1073 3400 voees
1087 3351 1157 3399 obso-

43 3451 97 3500 lnts'
110 3455 136 3496 et
153 3450 281 3498 arbitrarii
295 3452 419 3515 spnooims
435 3447 541 3507 lecerat,
557 3450 582 3496 in
600 3448 772 3512 posterioribus
792 3462 848 3493 sero
867 3445 973 3494 distinxit
989 3445 1019 3494 ab
1039 3444 1156 3501 inuicem,

41 3553 120 3606 atque
144 3542 231 3607 hodie,
255 3553 382 3607 postquem
406 3541 507 3592 Potitios
533 3539 685 3590 emendatius
709 3527 779 3603 loqui
803 3541 900 3603 eoepit,
918 3553 966 3586 non
979 3538 1027 3586 nisi
1040 3537 1114 3602 hujus
1133 3540 1159 3582 et

44 3635 217 3699 grsmrsstices
231 3638 303 3700 plene
318 3637 419 3702 ignaris,
437 3634 679 3684 eedemoonlnndere
695 3635 760 3684 lieet.
776 3633 935 3698 Philosophus
943 3631 1040 3694 quddam
1051 3643 1159 3693 ,trusos

39 3739 151 3786 cousin,
168 3730 237 3792 cuins
256 3728 320 3793 apud
334 3728 422 3776 multos
438 3727 509 3776 bodie
525 3743 613 3792 magne
629 3735 666 3776 est
679 3729 825 3793 suetorites,
843 3729 868 3774 in
890 3741 1017 3790 operesuo
1029 3721 1157 3790 (repersus

38 3823 241 3887 philosophiques
260 3837 314 3885 pag.
332 3819 386 3873 ⁴53.
408 3825 442 3872 ita
459 3824 505 3872 eit:
528 3826 572 3870 rte
593 3825 715 3872 sontrnire
732 3821 762 3870 uls
778 3818 933 3873 l‘usbs'trsirs
949 3818 1116 3881 legiquerneut
1132 3822 1157 3864 et

36 3914 307 3979 »grammaticalement
326 3914 436 3980 perlem,
456 3917 518 3962 c’ssu
536 3914 677 3962 u’sssosun

69 4031 114 4098 (2)
131 4031 171 4080 Sia
185 4031 273 4097 Plato,
290 4035 441 4094 Aristoteles,
458 4034 594 4100 Xenophon
614 4034 704 4098 aliique
724 4033 754 4083 de
773 4010 859 4082 otheiis
872 4040 1030 4097 tyrannorum
1048 4029 1152 4095 seripse-

32 4130 109 4186 runt,
128 4141 176 4173 non
193 4125 259 4190 quud
276 4127 393 4176 melorum
411 4126 764 4193 principumessent‘petroui,
790 4125 848 4173 iisse
864 4122 1000 4172 ehrrtendae
1028 4125 1155 4187 potestatis
1187 4185 1188 4189 Ἰ

29 4218 132 4283 regulas
154 4219 210 4268 dure
228 4218 334 4279 vellent,
349 4219 391 4268 sed
407 4219 472 4283 quod
491 4219 629 4270 indistinete
647 4234 731 4289 omnes
755 4225 779 4269 et
799 4217 937 4266 dicerentur
955 4221 980 4265 et
1001 4211 1148 4268 hsb'srentur

17 4312 145 4379 -tyranni‘,
162 4312 206 4377 qui
221 4317 336 4378 perpetus
353 4318 432 4363 emant
452 4311 581 4378 po’tsstste.
1061 4312 1063 4315 ’

1066 4768 1324 4960 ἦν·
