2806 5324
613 323 752 417 ,aa

182 508 334 578 derivatur
353 511 524 597 Imperium,
549 533 608 578 non
626 521 726 579 tamen
744 515 810 581 lons
826 515 890 593 ejus
907 515 944 578 sit
968 511 1027 596 (1).
1045 513 1078 575 ln
1098 512 1187 595 quem
1198 528 1276 575 seu-·

106 712 110 717 ἡ
181 640 246 686 sum
274 647 455 702 recursurus
485 625 570 690 Orat.
594 628 667 694 XVI
685 648 753 694 uere
772 628 858 692 dicit:
879 648 895 685 o
906 625 997 691 nolite
1016 647 1068 692 vos
1086 625 1271 694 existimare,

185 735 299 814 »liujus
316 738 468 802 electionis
482 740 591 803 milites
612 742 676 805 esse
691 751 836 806 auctores.
859 742 885 806 E
904 741 1016 825 superis
1032 740 1084 803 illa
1097 736 1272 818 suffragatio

54 907 59 917 ,
132 832 136 843 ’
160 856 163 861 “
184 850 372 925 ›rdescendi13
396 874 412 916 e
432 855 545 938 superis
567 855 619 919 illa
639 856 756 939 lmperii
775 855 974 942 renunciatio,
996 835 1270 917 bomidumdunta-

179 974 254 1028 unat
272 987 361 1049 opera
378 968 554 1042 accedente,
577 969 709 1053 perlecta
730 979 805 1034 est.»
830 970 932 1049 Quare
959 969 1048 1032 etiam
1069 967 1269 1051 Imperatores

179 1078 311 1144 Orientis
335 1095 619 1158 ΘΕΟΣΤΕΦΕΙΣ,
649 1065 856 1149 Occidentisr
875 1106 932 1148 oro
953 1104 1105 1148 cononum
1126 1083 1270 1146 diceban·

175 1203 239 1270 tur,
259 1207 287 1261 et
307 1196 442 1261 hodierni
462 1201 641 1264 monarchae
660 1221 691 1264 se
710 1199 784 1263 tales
802 1195 864 1261 Dei
881 1195 992 1262 Gratia
1013 1216 1075 1260 esse
1082 1195 1268 1280 profitentur.

72 1321 75 1324 ’
172 1307 235 1373 Nec
262 1310 292 1374 in
321 1312 454 1382 electivis
475 1301 595 1398 quidem
614 1315 712 1396 regnis
733 1332 816 1394 reges
832 1332 850 1374 a
865 1330 897 1374 se
916 1319 1092 1395 potestatem
1111 1310 1267 1406 accipere,

111 1409 114 1416 ³
173 1423 298 1506 populus
329 1426 519 1493 existimavit.
544 1428 596 1492 Sic
618 1427 649 1491 in
669 1427 792 1491 Polonia
810 1424 1061 1490 Rexelectushis
1081 1425 1269 1491 verbiscon·
1315 1481 1318 1485 .

172 1540 295 1604 salutari
314 1541 446 1604 solebat:
468 1542 660 1606 «llunc.....
687 1541 801 1623 Regem
823 1539 964 1604 l‘oloniae
984 1547 1013 1602 et
1035 1538 1178 1619 lllaguum
1198 1538 1269 1600 Du·

174 1632 262 1715 »cern
279 1653 460 1718 lithuaniae
480 1655 606 1719 dicimus
623 1664 652 1718 et
667 1653 892 1728 renunciamus,
904 1653 1060 1735 Deumque
1071 1654 1268 1736 deprecamur

137 1783 140 1793 ’
173 1776 231 1830 unt
259 1767 289 1830 in
308 1769 447 1833 exercitio
465 1767 555 1847 hujus
576 1769 756 1832 celsissimae
774 1769 926 1850 diguitatis
943 1767 1083 1848 dignetur
1098 1774 1267 1829 sustentare

170 1856 278 1957 neum,
304 1907 390 1970 quem
419 1883 486 1969 lpse
511 1879 670 1948 destinavit
687 1880 729 1946 od
746 1881 908 1971 regendam
926 1881 1006 1946 banc
1025 1878 1193 1953 nationem
1212 1887 1263 1943 ut-

169 2017 248 2088 ›rque
261 1996 463 2084 lpsiplaceat,
486 1996 564 2060 banc
575 1997 750 2061 electionem
758 1997 954 2081 Reipublicae
965 1997 1094 2060 faustam
1104 2006 1133 2060 et
1143 1996 1265 2069 felicem

170 2111 346 2174 »redderem
377 2112 427 2175 Sic
452 2131 571 2196 quoque
598 2111 667 2174 olim
696 2111 727 2173 iu
743 2111 850 2174 Snecia
875 2112 940 2174 Rex
969 2113 1081 2175 electus
1102 2112 1133 2173 in
1155 2111 1264 2173 solium

168 2223 333 2290 ducebatur
355 2223 436 2288 hisce
456 2226 567 2292 verbis:
590 2224 673 2297 «Sta,
704 2233 734 2290 et
752 2210 845 2288 r'etine
868 2226 967 2290 locum
986 2225 1040 2288 tibi
1059 2250 1077 2289 a
1098 2224 1163 2290 Deo
1183 2225 1262 2290 dele·

165 2346 300 2426 gutum».
762 2315 766 2319 n

211 2451 317 2538 Neque
337 2451 458 2516 tandem
473 2452 592 2536 'aliquid
609 2461 714 2516 contra
732 2452 909 2516 sententiam
930 2461 1059 2516 nostram
1081 2452 1160 2516 valet
1171 2452 1261 2535 argu·

165 2565 309 2627 mentatio
324 2565 396 2629 ista:
419 2564 450 2629 in
469 2562 595 2630 arbitrio
611 2563 717 2652 populi
733 2575 792 2640 est,
813 2589 944 2652 quanam
955 2563 1081 2653 Imperii
1094 2565 1192 2650 formo
1199 2588 1261 2653 gu-

165 2675 288 2743 bernari
312 2676 393 2744 uelit:
421 2702 494 2767 ergo
522 2677 684 2766 Imperium
709 2705 729 2744 a
759 2682 868 2767 populo
890 2679 1032 2764 procedit.
1065 2683 1161 2746 Probe
1180 2684 1260 2747 enim

162 2776 412 2876 distinguendum
428 2805 471 2858 cst
491 2795 569 2857 inter
587 2795 680 2878 ipsam
703 2793 819 2877 Imperii
837 2803 1013 2879 potestatem
1033 2804 1062 2859 et
1079 2797 1199 2860 modum
1217 2797 1260 2860 il-

165 2909 217 2972 lud
243 2910 408 2972 exercendi.
441 2910 498 2973 llic
524 2911 645 2993 quidem
670 2931 723 2993 pro
744 2908 869 2971 diversis
887 2911 1059 2991 populorum
1078 2911 1211 2973 moribus
1228 2919 1260 2974 et

163 3021 282 3104 ingenio
308 3023 416 3085 mutari
437 3018 546 3107 potuit,
569 3024 619 3087 sed
642 3023 707 3087 lons
726 3031 755 3084 et
772 3031 878 3084 natura
895 3021 1013 3106 Imperii
1026 3023 1139 3108 ubique
1152 3025 1258 3088 eadem

162 3136 230 3200 luit.
252 3137 336 3202 Etsi
356 3139 403 3202 vel
420 3139 549 3202 manime
567 3136 625 3201 dici
635 3136 738 3222 possit,
759 3135 857 3200 varias
874 3136 992 3220 Imperii
1008 3139 1119 3203 formas
1141 3141 1179 3204 ab
1203 3139 1257 3204 bo-

94 3229 97 3235 *
160 3247 291 3314 minibus
310 3252 446 3316 inventas
463 3272 543 3326 esse,
561 3250 748 3314 verissimum
769 3250 871 3333 ntique
883 3262 998 3327 manet,
1011 3265 1121 3317 statum
1139 3255 1258 3320 civilem

161 3384 197 3426 en
222 3365 285 3448 ipsa
315 3376 430 3440 natura
453 3367 587 3451 adeoque
615 3364 719 3428 aDeo
741 3366 917 3432 manavisse.
942 3367 1119 3441 Hominibus
1136 3367 1259 3453 quidem

130 3494 133 3503 “
160 3477 238 3542 inler
267 3480 380 3553 varias,
413 3489 583 3563 quaesunt
611 3480 659 3542 vel
684 3477 843 3572 excogitari
864 3479 962 3543 adhuc
980 3491 1117 3565 possunt,
1139 3482 1258 3564 lmperii

160 3592 272 3657 lormos
298 3603 399 3676 optare
422 3593 542 3658 omuino
566 3593 650 3666 licet,
676 3594 728 3656 sed
747 3611 782 3656 en
799 3594 834 3657 iis
852 3615 967 3677 semper
984 3607 1074 3660 tunam
1094 3584 1272 3686 alteramve

160 3708 272 3790 eligant
294 3729 413 3772 necesse
429 3717 488 3779 est,
510 3708 564 3772 nisi
581 3709 611 3771 in
629 3709 779 3772 lenitatem
799 3709 994 3788 degenerare,
1026 3720 1077 3773 aut
1096 3711 1257 3776 anarcbiae

99 3865 101 3868 <
160 3825 257 3909 impiis
288 3824 437 3887 lurconibus
465 3823 639 3906 miserisque
667 3821 795 3885 dissidiis
822 3832 963 3906 perpetuo
988 3823 1136 3890 obluctari
1151 3830 1255 3896 velint.

161 3939 229 4017 Quo
249 3957 335 4003 sensu
356 3915 446 4021 igitur
465 3936 620 4033 sequeutia
637 3936 726 4021 plana
745 3945 828 3998 sunt:
851 3946 883 4000 ut
901 3936 1007 4002 civitas
1025 3941 1062 4004 sit
1081 3939 1200 4014 civitas,
1219 3945 1254 4007 li-

180 4111 216 4167 (ί)
232 4109 308 4158 Sicuti
325 4111 348 4158 in
367 4111 476 4176 pluribus
492 4107 632 4171 municipiis
647 4090 736 4154 electio
756 4106 936 4168 magistruluum
953 4116 990 4156 ert
1007 4125 1080 4174 penes
1098 4113 1221 4173 ordinem,
1239 4121 1265 4163 el
1306 4139 1311 4158 r

73 4212 76 4216 '
146 4207 226 4250 tamen
244 4203 281 4250 illl
298 4210 437 4268 potestatem
454 4219 539 4262 uuam,
559 4215 606 4248 non
623 4199 821 4260 ubistoordine,
846 4201 920 4250 reda
945 4200 1044 4252 Summo
1062 4203 1199 4270 Imperunle
1216 4206 1263 4256 ob·

142 4295 228 4344 tirreni·
