2806 5324
588 312 636 388 87

66 501 178 582 legum·
197 501 318 564 suarum
344 498 611 566 fundamentalium
636 501 873 577 observantiam,
905 501 1154 589 quemadmodum

66 612 246 680 monarchia
265 613 359 698 perit,
381 614 432 677 uhi
453 614 485 678 in
505 635 540 679 ea
558 615 679 680 eaedem
698 616 778 699 leges
796 638 855 682 non
872 617 1076 682 observantur.

111 729 158 792 Ex
181 727 380 812 superioribus
399 729 503 813 itaque
522 731 679 815 probatum
698 741 742 795 est
758 731 838 813 leges
856 731 923 795 illas
939 730 971 794 in
987 728 1158 795 civitatibus

67 841 261 929 popularibus
277 861 430 926 perperam
448 845 543 908 dictas
560 844 815 920 fundamentales,
834 845 909 910 nihil
926 846 1007 910 aliud
1027 866 1090 912 esse
1102 846 1158 911 nisi

68 958 154 1039 leges
168 954 333 1040 politicas,
364 975 441 1040 quae
469 957 538 1022 solis
565 957 750 1042 opinionibus
770 966 800 1022 et
817 958 1019 1026 voluntatibus
1036 959 1160 1044 privatis

69 1071 229 1144 nituntur,
253 1068 388 1153 nihilque
417 1068 528 1134 habent
562 1069 806 1146 fundamentale,
834 1070 910 1136 nihil
938 1073 1156 1147 necessarium,

69 1185 147 1250 nihil
163 1183 243 1269 qnod
261 1203 296 1247 ex
312 1193 420 1257 natura
436 1182 564 1249 hominis
581 1193 633 1249 aut
652 1185 800 1249 societatis
817 1185 944 1251 densari
961 1196 1063 1273 queat.
1080 1188 1158 1255 Hinc

69 1308 173 1365 autem
191 1317 288 1382 neque
307 1297 409 1362 firmae
428 1307 458 1362 et
475 1297 677 1364 immutabiles
697 1307 786 1374 runt,
805 1300 857 1364 sed
875 1300 1089 1366 mutationibus
1105 1275 1160 1369 01,ss

67 1411 200 1487 noxiae,
223 1410 474 1496 quemadmodum
499 1411 650 1496 opiniones
669 1420 700 1476 et
722 1414 890 1481 voluntates
906 1414 1033 1499 privitae
1050 1417 1160 1482 mutari

67 1546 187 1611 semper
208 1528 303 1591 solent
325 1526 392 1611 (l),

84 1682 87 1689 -
113 1640 147 1706 2.
168 1676 212 1692 -
231 1641 341 1707 Verum
364 1642 520 1708 redeamus
542 1643 623 1707 unde
648 1642 803 1728 mutulam
819 1639 1002 1708 defleximus.
1025 1643 1160 1712 Vidimus

68 1755 204 1831 scilicet,
227 1756 298 1841 quid
319 1756 446 1840 intelligi
471 1757 580 1823 debeat
604 1776 656 1842 per
679 1757 760 1840 leger
783 1755 1052 1834 fundamentales,¹
1070 1777 1106 1823 ac
1129 1757 1161 1823 in

69 1872 201 1938 transitu
222 1889 337 1957 quoque
358 1871 645 1948 demonstravimus,
668 1858 838 1952 huiusmodi
860 1872 939 1955 leges
961 1871 992 1936 in
1014 1871 1078 1937 sola
1097 1891 1161 1936 mo·

69 1985 198 2052 marchia
216 1986 328 2051 adema.
342 1984 421 2050 1Jam
432 1983 547 2067 igitur,
567 1996 601 2051 ut
622 1985 713 2065 hujus
733 1996 873 2051 naturam
895 1994 975 2051 recte
996 1985 1162 2071 perspicere

70 2102 159 2166 nobis
174 2098 264 2166 liceat
282 2100 450 2184 proximum
467 2108 512 2164 est
532 2109 566 2165 ut
588 2100 785 2187 inquiramus,
802 2108 874 2187 qnot
894 2108 924 2163 et
940 2119 1087 2184 quaenam
1104 2099 1165 2164 situ

70 2218 153 2298 leges
172 2215 243 2287 illae
263 2214 516 2289 fundamentales,
539 2216 703 2281 secundum
721 2226 795 2302 quas
814 2214 974 2299 lmperinm
992 2232 1082 2299 penes
1095 2211 1164 2293 illo·

70 2329 220 2395 narobam
242 2338 299 2396 est.
320 2331 407 2397 Hanc
428 2340 530 2397 auteur
550 2331 770 2418 inquisitionem
792 2331 830 2396 de
851 2331 967 2413 legibus
985 2327 1164 2396 fundamen·

69 2444 184 2509 talibus
203 2443 403 2511 monarchiae·
417 2446 602 2510 naturalibus
625 2445 786 2532 (aquibus
807 2446 912 2511 sedulo
936 2446 1164 2528 distinguendae

68 2566 142 2623 sunt
172 2559 252 2641 leges
280 2559 519 2627 fundamentales
547 2561 674 2645 scriptae
703 2561 765 2627 sive
786 2559 949 2645 positivae,
971 2580 1050 2645 quae
1071 2559 1161 2625 hodie

69 2672 232 2747 dicuntur,
256 2681 384 2759 atquae
406 2674 444 2739 ad
467 2676 625 2740 essentiam
640 2673 832 2740 monarchiae
850 2675 971 2741 minime
986 2675 1163 2761 pertinent),

69 2786 117 2851 ita
135 2786 309 2871 plemmque
337 2789 526 2859 instituemus
534 2821 547 2865 ,·
577 2799 611 2854 ut
640 2810 690 2854 eas
709 2784 896 2875 primum-m
924 2809 1025 2854 rerum
1055 2799 1164 2855 natura

69 2903 261 2977 derivemus,
285 2911 316 2967 et
337 2902 445 2969 deinde
463 2904 494 2971 iu
509 2903 634 2986 singulis
654 2903 997 2988 historiamsequentes,
1019 2922 1070 2967 eas
1087 2923 1164 2968 senu-
1232 2935 1237 2940 ·

68 3037 125 3104 per
146 3015 372 3082 in·monarebia
392 3018 649 3086 revera-adfuisse
668 3019 837 3104 probemus.
866 3016 958 3103 Apud
988 3039 1090 3085 omues
1113 3040 1164 3085 sc.

70 3131 271 3198 Germanicae
290 3131 531 3214 originisgentes
551 3133 615 3199 fere
631 3133 742 3199 similes
763 3133 930 3203 invenimus
946 3133 1167 3208 institutiones,

71 3266 200 3335 quarrmr
230 3247 349 3312 initium
377 3247 442 3312 sine
463 3247 556 3312 dnbio
577 3248 656 3333 apud
679 3253 757 3334 ipsos
778 3247 945 3314 Germanos
964 3246 1167 3334 quaerendum

70 3372 129 3428 est.
151 3363 232 3427 luter
249 3360 437 3427 monarchias
458 3371 579 3437 autem,
601 3382 678 3448 quae
702 3383 720 3427 a
743 3361 899 3427 Germanis
922 3361 1060 3426 conditae
1078 3369 1162 3436 sunt,

71 3475 114 3540 ad
132 3496 196 3552 rem
211 3485 343 3542 nostram
359 3475 517 3542 Franciam
537 3475 700 3558 elegimus,
723 3476 793 3540 licet
815 3485 896 3541 certe
917 3473 1048 3541 facilius.
1061 3472 1165 3538 luisset

71 3609 104 3657 v.
123 3610 152 3653 c.
173 3585 301 3672 Angliae
323 3588 437 3658 ahusve
457 3585 648 3655 monarchiae
670 3587 795 3655 historia
807 3587 864 3655 uti.
885 3586 1183 3684 Sedidlecimns,

88 3815 136 3881 ,(1)
166 3813 274 3881 Eratque
297 3819 343 3869 ieta
360 3819 448 3883 legum
470 3817 688 3869 tundamentalium
711 3818 835 3880 deiectus,
858 3819 900 3869 cui
916 3819 1029 3886 supplere
1046 3795 1182 3880 aliquande,

60 3910 145 3959 conati
162 3916 234 3970 runt,
257 3910 301 3974 qui
323 3912 349 3960 in
366 3911 539 3962 constituendis
555 3912 695 3978 hujusmodi
711 3912 848 3961 civitatibus
865 3912 1022 3978 popularibus
1038 3911 1179 3976 praemitte·

58 4005 123 4055 bant
140 4005 321 4055 mulctationes
329 4006 432 4073 porion
447 4011 472 4054 et
488 4005 634 4072 officiorum,
654 4005 744 4069 quihus
760 4020 843 4055 revera
859 4004 952 4057 bellum
970 4003 1125 4054 declarabunt
1136 4000 1178 4053 bo·

57 4098 156 4148 ιιιίιιιιιιι
172 4096 285 4146 adsersus
304 4102 428 4158 naturam,
445 4101 470 4147 ct
485 4097 575 4162 quibnr
591 4096 662 4148 bonis
678 4097 771 4148 civibus
780 4096 915 4159 adimerent
923 4097 1178 4163 nomnomjnrtnn,

56 4205 127 4256 qnae
145 4205 199 4239 sere
215 4187 244 4236 iie
259 4190 356 4256 propris
372 4196 459 4253 erent5
481 4189 551 4240 malie
574 4205 630 4242 rero
645 4189 741 4242 frenum
757 4197 899 4243 excuterent
914 4191 1065 4258 officiorum,
1090 4193 1193 4258 quibus.

56 4284 200 4337 noemmin
216 4280 423 4368 oolaihebmtur.x
478 4332 480 4339 ,

1056 4846 1328 5049 „1
