<?xml version="1.0" encoding="UTF-8"?>
<!DOCTYPE html PUBLIC "-//W3C//DTD XHTML 1.0 Transitional//EN"
    "http://www.w3.org/TR/xhtml1/DTD/xhtml1-transitional.dtd">
<html xmlns="http://www.w3.org/1999/xhtml" xml:lang="en" lang="en">
 <head>
  <title>
</title>
<meta http-equiv="Content-Type" content="text/html;charset=utf-8" />
  <meta name='ocr-system' content='tesseract 3.04.00' />
  <meta name='ocr-capabilities' content='ocr_page ocr_carea ocr_par ocr_line ocrx_word'/>
</head>
<body>
  <div class='ocr_page' id='page_1' title='image "./disquisitiophil00borrgoog_0031.png"; bbox 0 0 2806 5324; ppageno 0'>
   <div class='ocr_carea' id='block_1_1' title="bbox 758 362 915 438">
    <p class='ocr_par' dir='ltr' id='par_1_1' title="bbox 758 362 915 438">
     <span class='ocr_line' id='line_1_1' title="bbox 758 362 915 438; baseline -0.013 0"><span class='ocrx_word' id='word_1_1' title='bbox 758 362 915 438; x_wconf 83' lang='lat' dir='ltr'><strong>to.</strong></span> 
     </span>
    </p>
   </div>
   <div class='ocr_carea' id='block_1_2' title="bbox 158 548 1377 4432">
    <p class='ocr_par' dir='ltr' id='par_1_2' title="bbox 158 548 1377 4432">
     <span class='ocr_line' id='line_1_2' title="bbox 229 548 1330 636; baseline 0.005 -22"><span class='ocrx_word' id='word_1_2' title='bbox 229 548 366 621; x_wconf 83' lang='lat' dir='ltr'><strong>illenim,</strong></span> <span class='ocrx_word' id='word_1_3' title='bbox 386 554 419 609; x_wconf 85' lang='lat' dir='ltr'><strong>ui</strong></span> <span class='ocrx_word' id='word_1_4' title='bbox 444 567 523 626; x_wconf 85' lang='lat' dir='ltr'><strong>sese,</strong></span> <span class='ocrx_word' id='word_1_5' title='bbox 540 549 606 614; x_wconf 84' lang='lat' dir='ltr'><strong>aliis</strong></span> <span class='ocrx_word' id='word_1_6' title='bbox 626 569 661 613; x_wconf 85' lang='lat' dir='ltr'><strong>en</strong></span> <span class='ocrx_word' id='word_1_7' title='bbox 680 550 742 614; x_wconf 87' lang='lat' dir='ltr'><strong>solo</strong></span> <span class='ocrx_word' id='word_1_8' title='bbox 759 572 812 616; x_wconf 86' lang='lat' dir='ltr'><strong>sno</strong></span> <span class='ocrx_word' id='word_1_9' title='bbox 829 550 952 617; x_wconf 90' lang='lat' dir='ltr'><strong>arbitrio</strong></span> <span class='ocrx_word' id='word_1_10' title='bbox 963 553 1139 634; x_wconf 83' lang='lat' dir='ltr'><strong>subjiciant,</strong></span> <span class='ocrx_word' id='word_1_11' title='bbox 1159 552 1223 636; x_wconf 87' lang='lat' dir='ltr'><strong>ipsa</strong></span> <span class='ocrx_word' id='word_1_12' title='bbox 1247 555 1330 618; x_wconf 85' lang='lat' dir='ltr'><strong>ratio</strong></span> 
     </span>
     <span class='ocr_line' id='line_1_3' title="bbox 226 664 1321 752; baseline 0.005 -27"><span class='ocrx_word' id='word_1_13' title='bbox 226 672 326 734; x_wconf 87' lang='lat' dir='ltr'><strong>vetat;</strong></span> <span class='ocrx_word' id='word_1_14' title='bbox 360 683 462 728; x_wconf 87' lang='lat' dir='ltr'><strong>verum</strong></span> <span class='ocrx_word' id='word_1_15' title='bbox 493 664 545 727; x_wconf 90' lang='lat' dir='ltr'><strong>ubi</strong></span> <span class='ocrx_word' id='word_1_16' title='bbox 576 685 607 728; x_wconf 89' lang='lat' dir='ltr'><strong>se</strong></span> <span class='ocrx_word' id='word_1_17' title='bbox 638 666 816 730; x_wconf 71' lang='lat' dir='ltr'><strong>submittant</strong></span> <span class='ocrx_word' id='word_1_18' title='bbox 844 668 900 741; x_wconf 89' lang='lat' dir='ltr'><strong>iis,</strong></span> <span class='ocrx_word' id='word_1_19' title='bbox 925 688 998 752; x_wconf 89' lang='lat' dir='ltr'><strong>quos</strong></span> <span class='ocrx_word' id='word_1_20' title='bbox 1024 667 1117 734; x_wconf 89' lang='lat' dir='ltr'><strong>animi</strong></span> <span class='ocrx_word' id='word_1_21' title='bbox 1149 667 1321 750; x_wconf 79' lang='lat' dir='ltr'><strong>corporisve</strong></span> 
     </span>
     <span class='ocr_line' id='line_1_4' title="bbox 203 776 1328 866; baseline 0.004 -23"><span class='ocrx_word' id='word_1_22' title='bbox 203 818 205 823; x_wconf 93' lang='lat'>·</span> <span class='ocrx_word' id='word_1_23' title='bbox 230 776 344 843; x_wconf 81' lang='lat' dir='ltr'><strong>viribus</strong></span> <span class='ocrx_word' id='word_1_24' title='bbox 364 797 400 840; x_wconf 79' lang='lat' dir='ltr'><strong>oe</strong></span> <span class='ocrx_word' id='word_1_25' title='bbox 427 797 566 860; x_wconf 81' lang='lat' dir='ltr'><strong>superare</strong></span> <span class='ocrx_word' id='word_1_26' title='bbox 593 778 713 854; x_wconf 86' lang='lat' dir='ltr'><strong>vident,</strong></span> <span class='ocrx_word' id='word_1_27' title='bbox 741 781 815 846; x_wconf 93' lang='lat' dir='ltr'><strong>nibil</strong></span> <span class='ocrx_word' id='word_1_28' title='bbox 836 791 938 846; x_wconf 85' lang='lat' dir='ltr'><strong>contra</strong></span> <span class='ocrx_word' id='word_1_29' title='bbox 958 784 1100 847; x_wconf 84' lang='lat' dir='ltr'><strong>rationem</strong></span> <span class='ocrx_word' id='word_1_30' title='bbox 1120 793 1229 866; x_wconf 80' lang='lat' dir='ltr'><strong>agunt,</strong></span> <span class='ocrx_word' id='word_1_31' title='bbox 1254 806 1328 848; x_wconf 89' lang='lat' dir='ltr'><strong>oum</strong></span> 
     </span>
     <span class='ocr_line' id='line_1_5' title="bbox 229 888 1325 981; baseline 0.009 -29"><span class='ocrx_word' id='word_1_32' title='bbox 229 891 274 955; x_wconf 86' lang='lat' dir='ltr'><strong>ita</strong></span> <span class='ocrx_word' id='word_1_33' title='bbox 299 911 364 964; x_wconf 73' lang='lat' dir='ltr'><strong>¹sese</strong></span> <span class='ocrx_word' id='word_1_34' title='bbox 388 890 550 969; x_wconf 84' lang='lat' dir='ltr'><strong>subjiciunt</strong></span> <span class='ocrx_word' id='word_1_35' title='bbox 564 893 658 957; x_wconf 43' lang='lat' dir='ltr'><strong>&#39;velut</strong></span> <span class='ocrx_word' id='word_1_36' title='bbox 679 888 736 975; x_wconf 80' lang='lat' dir='ltr'><strong>legi</strong></span> <span class='ocrx_word' id='word_1_37' title='bbox 756 895 845 959; x_wconf 86' lang='lat' dir='ltr'><strong>alicui</strong></span> <span class='ocrx_word' id='word_1_38' title='bbox 866 897 1015 971; x_wconf 91' lang='lat' dir='ltr'><strong>naturali,</strong></span> <span class='ocrx_word' id='word_1_39' title='bbox 1040 917 1116 981; x_wconf 90' lang='lat' dir='ltr'><strong>qnae</strong></span> <span class='ocrx_word' id='word_1_40' title='bbox 1137 918 1173 961; x_wconf 82' lang='lat' dir='ltr'><strong>ex</strong></span> <span class='ocrx_word' id='word_1_41' title='bbox 1197 897 1325 981; x_wconf 81' lang='lat' dir='ltr'><strong>privatis</strong></span> 
     </span>
     <span class='ocr_line' id='line_1_6' title="bbox 230 1005 1325 1097; baseline 0.009 -29"><span class='ocrx_word' id='word_1_42' title='bbox 230 1024 333 1069; x_wconf 88' lang='lat' dir='ltr'><strong>eorum</strong></span> <span class='ocrx_word' id='word_1_43' title='bbox 351 1005 553 1088; x_wconf 84' lang='lat' dir='ltr'><strong>opinionibus,</strong></span> <span class='ocrx_word' id='word_1_44' title='bbox 578 1016 667 1093; x_wconf 88' lang='lat' dir='ltr'><strong>atque</strong></span> <span class='ocrx_word' id='word_1_45' title='bbox 686 1010 762 1073; x_wconf 87' lang='lat' dir='ltr'><strong>adeo</strong></span> <span class='ocrx_word' id='word_1_46' title='bbox 784 1029 820 1072; x_wconf 85' lang='lat' dir='ltr'><strong>ex</strong></span> <span class='ocrx_word' id='word_1_47' title='bbox 839 1030 940 1074; x_wconf 87' lang='lat' dir='ltr'><strong>eorum</strong></span> <span class='ocrx_word' id='word_1_48' title='bbox 952 1010 1075 1074; x_wconf 89' lang='lat' dir='ltr'><strong>arbitrio</strong></span> <span class='ocrx_word' id='word_1_49' title='bbox 1086 1010 1325 1097; x_wconf 87' lang='lat' dir='ltr'><strong>haudquaquam</strong></span> 
     </span>
     <span class='ocr_line' id='line_1_7' title="bbox 234 1119 1326 1209; baseline 0.009 -27"><span class='ocrx_word' id='word_1_50' title='bbox 234 1120 353 1205; x_wconf 81' lang='lat' dir='ltr'><strong>pendet.</strong></span> <span class='ocrx_word' id='word_1_51' title='bbox 374 1119 501 1185; x_wconf 86' lang='lat' dir='ltr'><strong>Morales</strong></span> <span class='ocrx_word' id='word_1_52' title='bbox 519 1122 596 1186; x_wconf 88' lang='lat' dir='ltr'><strong>enim</strong></span> <span class='ocrx_word' id='word_1_53' title='bbox 614 1123 759 1201; x_wconf 78' lang='lat' dir='ltr'><strong>ejusmodi</strong></span> <span class='ocrx_word' id='word_1_54' title='bbox 775 1126 974 1209; x_wconf 80' lang='lat' dir='ltr'><strong>praestantiae</strong></span> <span class='ocrx_word' id='word_1_55' title='bbox 994 1145 1030 1188; x_wconf 88' lang='lat' dir='ltr'><strong>ex</strong></span> <span class='ocrx_word' id='word_1_56' title='bbox 1046 1125 1108 1208; x_wconf 88' lang='lat' dir='ltr'><strong>ipsa</strong></span> <span class='ocrx_word' id='word_1_57' title='bbox 1126 1134 1254 1204; x_wconf 90' lang='lat' dir='ltr'><strong>natura,</strong></span> <span class='ocrx_word' id='word_1_58' title='bbox 1275 1129 1326 1192; x_wconf 91' lang='lat' dir='ltr'><strong>in-</strong></span> 
     </span>
     <span class='ocr_line' id='line_1_8' title="bbox 232 1234 1325 1327; baseline 0.005 -26"><span class='ocrx_word' id='word_1_59' title='bbox 232 1236 301 1301; x_wconf 82' lang='lat' dir='ltr'><strong>vitis</strong></span> <span class='ocrx_word' id='word_1_60' title='bbox 327 1237 416 1299; x_wconf 91' lang='lat' dir='ltr'><strong>etiam</strong></span> <span class='ocrx_word' id='word_1_61' title='bbox 443 1234 632 1312; x_wconf 88' lang='lat' dir='ltr'><strong>hominibus,</strong></span> <span class='ocrx_word' id='word_1_62' title='bbox 661 1247 802 1323; x_wconf 88' lang='lat' dir='ltr'><strong>perpetuo</strong></span> <span class='ocrx_word' id='word_1_63' title='bbox 823 1239 966 1312; x_wconf 84' lang='lat' dir='ltr'><strong>existunt;</strong></span> <span class='ocrx_word' id='word_1_64' title='bbox 989 1249 1019 1302; x_wconf 91' lang='lat' dir='ltr'><strong>et</strong></span> <span class='ocrx_word' id='word_1_65' title='bbox 1040 1239 1218 1324; x_wconf 84' lang='lat' dir='ltr'><strong>imperium,</strong></span> <span class='ocrx_word' id='word_1_66' title='bbox 1240 1243 1325 1327; x_wconf 84' lang='lat' dir='ltr'><strong>qnod</strong></span> 
     </span>
     <span class='ocr_line' id='line_1_9' title="bbox 233 1349 1325 1437; baseline 0.005 -23"><span class='ocrx_word' id='word_1_67' title='bbox 233 1371 336 1414; x_wconf 88' lang='lat' dir='ltr'><strong>earnm</strong></span> <span class='ocrx_word' id='word_1_68' title='bbox 361 1349 491 1414; x_wconf 90' lang='lat' dir='ltr'><strong>omnium</strong></span> <span class='ocrx_word' id='word_1_69' title='bbox 519 1371 668 1417; x_wconf 84' lang='lat' dir='ltr'><strong>summum</strong></span> <span class='ocrx_word' id='word_1_70' title='bbox 693 1361 755 1427; x_wconf 87' lang='lat' dir='ltr'><strong>est,</strong></span> <span class='ocrx_word' id='word_1_71' title='bbox 784 1353 859 1416; x_wconf 88' lang='lat' dir='ltr'><strong>adeo</strong></span> <span class='ocrx_word' id='word_1_72' title='bbox 886 1350 917 1416; x_wconf 94' lang='lat' dir='ltr'><strong>in</strong></span> <span class='ocrx_word' id='word_1_73' title='bbox 946 1353 1010 1437; x_wconf 84' lang='lat' dir='ltr'><strong>ipsa</strong></span> <span class='ocrx_word' id='word_1_74' title='bbox 1036 1352 1189 1418; x_wconf 89' lang='lat' dir='ltr'><strong>bominum</strong></span> <span class='ocrx_word' id='word_1_75' title='bbox 1210 1364 1325 1420; x_wconf 88' lang='lat' dir='ltr'><strong>natura</strong></span> 
     </span>
     <span class='ocr_line' id='line_1_10' title="bbox 232 1462 1324 1552; baseline 0.007 -26"><span class='ocrx_word' id='word_1_76' title='bbox 232 1462 332 1527; x_wconf 82' lang='lat' dir='ltr'><strong>nixum</strong></span> <span class='ocrx_word' id='word_1_77' title='bbox 353 1473 382 1527; x_wconf 87' lang='lat' dir='ltr'><strong>ot</strong></span> <span class='ocrx_word' id='word_1_78' title='bbox 400 1464 558 1529; x_wconf 81' lang='lat' dir='ltr'><strong>fundatum</strong></span> <span class='ocrx_word' id='word_1_79' title='bbox 576 1475 637 1540; x_wconf 89' lang='lat' dir='ltr'><strong>est,</strong></span> <span class='ocrx_word' id='word_1_80' title='bbox 661 1476 694 1531; x_wconf 89' lang='lat' dir='ltr'><strong>ut</strong></span> <span class='ocrx_word' id='word_1_81' title='bbox 715 1466 859 1531; x_wconf 84' lang='lat' dir='ltr'><strong>insulsum</strong></span> <span class='ocrx_word' id='word_1_82' title='bbox 878 1467 1029 1552; x_wconf 86' lang='lat' dir='ltr'><strong>planeait,</strong></span> <span class='ocrx_word' id='word_1_83' title='bbox 1048 1467 1122 1532; x_wconf 90' lang='lat' dir='ltr'><strong>illud</strong></span> <span class='ocrx_word' id='word_1_84' title='bbox 1136 1489 1153 1531; x_wconf 91' lang='lat' dir='ltr'><strong>a</strong></span> <span class='ocrx_word' id='word_1_85' title='bbox 1167 1469 1324 1538; x_wconf 83' lang='lat' dir='ltr'><strong>uoluntate</strong></span> 
     </span>
     <span class='ocr_line' id='line_1_11' title="bbox 233 1577 547 1664; baseline 0 -21"><span class='ocrx_word' id='word_1_86' title='bbox 233 1577 386 1643; x_wconf 89' lang='lat' dir='ltr'><strong>bominum</strong></span> <span class='ocrx_word' id='word_1_87' title='bbox 406 1589 547 1664; x_wconf 85' lang='lat' dir='ltr'><strong>repetere.</strong></span> 
     </span>
     <span class='ocr_line' id='line_1_12' title="bbox 211 1693 1322 1784; baseline 0.006 -27"><span class='ocrx_word' id='word_1_88' title='bbox 211 1776 214 1780; x_wconf 9' lang='lat'><strong><em>⁴</em></strong></span> <span class='ocrx_word' id='word_1_89' title='bbox 277 1695 399 1777; x_wconf 87' lang='lat' dir='ltr'><strong>Semper</strong></span> <span class='ocrx_word' id='word_1_90' title='bbox 423 1693 531 1775; x_wconf 81' lang='lat' dir='ltr'><strong>igitur,</strong></span> <span class='ocrx_word' id='word_1_91' title='bbox 564 1695 678 1780; x_wconf 87' lang='lat' dir='ltr'><strong>quoties</strong></span> <span class='ocrx_word' id='word_1_92' title='bbox 705 1696 976 1761; x_wconf 85' lang='lat' dir='ltr'><strong>deconstituenda</strong></span> <span class='ocrx_word' id='word_1_93' title='bbox 1005 1697 1126 1763; x_wconf 82' lang='lat' dir='ltr'><strong>civitate</strong></span> <span class='ocrx_word' id='word_1_94' title='bbox 1149 1700 1322 1784; x_wconf 86' lang='lat' dir='ltr'><strong>disputant,</strong></span> 
     </span>
     <span class='ocr_line' id='line_1_13' title="bbox 230 1807 1325 1899; baseline 0.005 -25"><span class='ocrx_word' id='word_1_95' title='bbox 230 1810 371 1894; x_wconf 90' lang='lat' dir='ltr'><strong>populum</strong></span> <span class='ocrx_word' id='word_1_96' title='bbox 400 1817 429 1871; x_wconf 89' lang='lat' dir='ltr'><strong>et</strong></span> <span class='ocrx_word' id='word_1_97' title='bbox 454 1807 650 1892; x_wconf 84' lang='lat' dir='ltr'><strong>imperantem</strong></span> <span class='ocrx_word' id='word_1_98' title='bbox 677 1809 739 1888; x_wconf 90' lang='lat' dir='ltr'><strong>jam</strong></span> <span class='ocrx_word' id='word_1_99' title='bbox 763 1818 851 1873; x_wconf 89' lang='lat' dir='ltr'><strong>antea</strong></span> <span class='ocrx_word' id='word_1_100' title='bbox 875 1811 978 1876; x_wconf 87' lang='lat' dir='ltr'><strong>adesse</strong></span> <span class='ocrx_word' id='word_1_101' title='bbox 994 1820 1140 1876; x_wconf 86' lang='lat' dir='ltr'><strong>statuunt.</strong></span> <span class='ocrx_word' id='word_1_102' title='bbox 1161 1811 1262 1899; x_wconf 83' lang='lat' dir='ltr'><strong>Atque</strong></span> <span class='ocrx_word' id='word_1_103' title='bbox 1286 1835 1325 1879; x_wconf 92' lang='lat' dir='ltr'><strong>eo</strong></span> 
     </span>
     <span class='ocr_line' id='line_1_14' title="bbox 231 1921 1322 2011; baseline 0.005 -25"><span class='ocrx_word' id='word_1_104' title='bbox 231 1925 320 1989; x_wconf 89' lang='lat' dir='ltr'><strong>modo</strong></span> <span class='ocrx_word' id='word_1_105' title='bbox 336 1945 371 1987; x_wconf 83' lang='lat' dir='ltr'><strong>en</strong></span> <span class='ocrx_word' id='word_1_106' title='bbox 387 1922 552 2007; x_wconf 86' lang='lat' dir='ltr'><strong>imperante</strong></span> <span class='ocrx_word' id='word_1_107' title='bbox 571 1922 655 2008; x_wconf 84' lang='lat' dir='ltr'><strong>qnasi</strong></span> <span class='ocrx_word' id='word_1_108' title='bbox 673 1923 818 1989; x_wconf 86' lang='lat' dir='ltr'><strong>viatorem</strong></span> <span class='ocrx_word' id='word_1_109' title='bbox 836 1921 949 1990; x_wconf 79' lang='lat' dir='ltr'><strong>iaciunt</strong></span> <span class='ocrx_word' id='word_1_110' title='bbox 966 1945 1205 2011; x_wconf 82' lang='lat' dir='ltr'><strong>quaquaversum</strong></span> <span class='ocrx_word' id='word_1_111' title='bbox 1217 1948 1322 1992; x_wconf 80' lang='lat' dir='ltr'><strong>erran-</strong></span> 
     </span>
     <span class='ocr_line' id='line_1_15' title="bbox 230 2036 1324 2126; baseline 0.001 -20"><span class='ocrx_word' id='word_1_112' title='bbox 230 2051 307 2117; x_wconf 88' lang='lat' dir='ltr'><strong>tem,</strong></span> <span class='ocrx_word' id='word_1_113' title='bbox 342 2052 375 2107; x_wconf 91' lang='lat' dir='ltr'><strong>ut</strong></span> <span class='ocrx_word' id='word_1_114' title='bbox 404 2039 544 2126; x_wconf 86' lang='lat' dir='ltr'><strong>populum</strong></span> <span class='ocrx_word' id='word_1_115' title='bbox 571 2036 727 2115; x_wconf 81' lang='lat' dir='ltr'><strong>offendat,</strong></span> <span class='ocrx_word' id='word_1_116' title='bbox 753 2061 882 2124; x_wconf 80' lang='lat' dir='ltr'><strong>quocum</strong></span> <span class='ocrx_word' id='word_1_117' title='bbox 907 2039 963 2105; x_wconf 90' lang='lat' dir='ltr'><strong>sub</strong></span> <span class='ocrx_word' id='word_1_118' title='bbox 992 2040 1080 2104; x_wconf 86' lang='lat' dir='ltr'><strong>certis</strong></span> <span class='ocrx_word' id='word_1_119' title='bbox 1102 2040 1324 2120; x_wconf 83' lang='lat' dir='ltr'><strong>conditionibus</strong></span> 
     </span>
     <span class='ocr_line' id='line_1_16' title="bbox 160 2152 1325 2241; baseline -0.002 -19"><span class='ocrx_word' id='word_1_120' title='bbox 160 2221 165 2232; x_wconf 84' lang='grc'>,</span> <span class='ocrx_word' id='word_1_121' title='bbox 232 2156 410 2230; x_wconf 83' lang='lat' dir='ltr'><strong>contrahat,</strong></span> <span class='ocrx_word' id='word_1_122' title='bbox 440 2164 470 2218; x_wconf 86' lang='lat' dir='ltr'><strong>et</strong></span> <span class='ocrx_word' id='word_1_123' title='bbox 494 2174 512 2216; x_wconf 91' lang='lat' dir='ltr'><strong>a</strong></span> <span class='ocrx_word' id='word_1_124' title='bbox 540 2173 599 2238; x_wconf 87' lang='lat' dir='ltr'><strong>quo</strong></span> <span class='ocrx_word' id='word_1_125' title='bbox 618 2155 794 2219; x_wconf 88' lang='lat' dir='ltr'><strong>mandatnm</strong></span> <span class='ocrx_word' id='word_1_126' title='bbox 814 2154 970 2240; x_wconf 89' lang='lat' dir='ltr'><strong>suscipiat,</strong></span> <span class='ocrx_word' id='word_1_127' title='bbox 995 2175 1054 2220; x_wconf 93' lang='lat' dir='ltr'><strong>non</strong></span> <span class='ocrx_word' id='word_1_128' title='bbox 1070 2155 1190 2241; x_wconf 88' lang='lat' dir='ltr'><strong>quidem</strong></span> <span class='ocrx_word' id='word_1_129' title='bbox 1209 2152 1240 2220; x_wconf 83' lang='lat' dir='ltr'><strong>ia</strong></span> <span class='ocrx_word' id='word_1_130' title='bbox 1258 2170 1325 2220; x_wconf 82' lang='lat' dir='ltr'><strong>rent</strong></span> 
     </span>
     <span class='ocr_line' id='line_1_17' title="bbox 233 2269 1322 2354; baseline 0 -19"><span class='ocrx_word' id='word_1_131' title='bbox 233 2293 336 2346; x_wconf 80' lang='lat' dir='ltr'><strong>auam,</strong></span> <span class='ocrx_word' id='word_1_132' title='bbox 364 2271 416 2334; x_wconf 88' lang='lat' dir='ltr'><strong>sed</strong></span> <span class='ocrx_word' id='word_1_133' title='bbox 443 2269 536 2333; x_wconf 81' lang='lat' dir='ltr'><strong>donee</strong></span> <span class='ocrx_word' id='word_1_134' title='bbox 567 2277 739 2345; x_wconf 85' lang='lat' dir='ltr'><strong>reuocetur,</strong></span> <span class='ocrx_word' id='word_1_135' title='bbox 770 2279 800 2334; x_wconf 92' lang='lat' dir='ltr'><strong>et</strong></span> <span class='ocrx_word' id='word_1_136' title='bbox 828 2270 912 2336; x_wconf 83' lang='lat' dir='ltr'><strong>salvo</strong></span> <span class='ocrx_word' id='word_1_137' title='bbox 933 2269 997 2348; x_wconf 90' lang='lat' dir='ltr'><strong>jnre</strong></span> <span class='ocrx_word' id='word_1_138' title='bbox 1014 2270 1114 2354; x_wconf 94' lang='lat' dir='ltr'><strong>populi</strong></span> <span class='ocrx_word' id='word_1_139' title='bbox 1134 2271 1262 2334; x_wconf 88' lang='lat' dir='ltr'><strong>rationes</strong></span> <span class='ocrx_word' id='word_1_140' title='bbox 1281 2271 1322 2335; x_wconf 88' lang='lat' dir='ltr'><strong>ab</strong></span> 
     </span>
     <span class='ocr_line' id='line_1_18' title="bbox 232 2382 1323 2469; baseline -0.002 -20"><span class='ocrx_word' id='word_1_141' title='bbox 232 2406 268 2450; x_wconf 88' lang='lat' dir='ltr'><strong>eo</strong></span> <span class='ocrx_word' id='word_1_142' title='bbox 284 2384 434 2466; x_wconf 81' lang='lat' dir='ltr'><strong>exigendi,</strong></span> <span class='ocrx_word' id='word_1_143' title='bbox 446 2383 483 2446; x_wconf 92' lang='lat' dir='ltr'><strong>de</strong></span> <span class='ocrx_word' id='word_1_144' title='bbox 499 2382 606 2466; x_wconf 84' lang='lat' dir='ltr'><strong>quibua</strong></span> <span class='ocrx_word' id='word_1_145' title='bbox 622 2391 652 2446; x_wconf 92' lang='lat' dir='ltr'><strong>et</strong></span> <span class='ocrx_word' id='word_1_146' title='bbox 669 2383 784 2465; x_wconf 87' lang='lat' dir='ltr'><strong>quoties</strong></span> <span class='ocrx_word' id='word_1_147' title='bbox 800 2383 855 2468; x_wconf 86' lang='lat' dir='ltr'><strong>ipsi</strong></span> <span class='ocrx_word' id='word_1_148' title='bbox 874 2384 1002 2469; x_wconf 84' lang='lat' dir='ltr'><strong>placeat.</strong></span> <span class='ocrx_word' id='word_1_149' title='bbox 1019 2383 1161 2448; x_wconf 89' lang='lat' dir='ltr'><strong>Similiter</strong></span> <span class='ocrx_word' id='word_1_150' title='bbox 1180 2384 1323 2468; x_wconf 90' lang='lat' dir='ltr'><strong>populum</strong></span> 
     </span>
     <span class='ocr_line' id='line_1_19' title="bbox 177 2481 1323 2578; baseline 0 -16"><span class='ocrx_word' id='word_1_151' title='bbox 177 2516 180 2523; x_wconf 60' lang='lat'><em>‘</em></span> <span class='ocrx_word' id='word_1_152' title='bbox 233 2498 376 2578; x_wconf 84' lang='lat' dir='ltr'><strong>iam-tum</strong></span> <span class='ocrx_word' id='word_1_153' title='bbox 398 2497 591 2561; x_wconf 88' lang='lat' dir='ltr'><strong>constitutum</strong></span> <span class='ocrx_word' id='word_1_154' title='bbox 609 2506 639 2561; x_wconf 88' lang='lat' dir='ltr'><strong>et</strong></span> <span class='ocrx_word' id='word_1_155' title='bbox 651 2497 865 2562; x_wconf 87' lang='lat' dir='ltr'><strong>deliberantem</strong></span> <span class='ocrx_word' id='word_1_156' title='bbox 880 2481 1042 2573; x_wconf 85' lang='lat' dir='ltr'><strong>inducunt,</strong></span> <span class='ocrx_word' id='word_1_157' title='bbox 1057 2518 1095 2561; x_wconf 90' lang='lat' dir='ltr'><strong>an</strong></span> <span class='ocrx_word' id='word_1_158' title='bbox 1106 2497 1185 2561; x_wconf 88' lang='lat' dir='ltr'><strong>buno</strong></span> <span class='ocrx_word' id='word_1_159' title='bbox 1197 2498 1323 2565; x_wconf 83' lang='lat' dir='ltr'><strong>illumve</strong></span> 
     </span>
     <span class='ocr_line' id='line_1_20' title="bbox 232 2609 1324 2697; baseline -0.001 -19"><span class='ocrx_word' id='word_1_160' title='bbox 232 2614 449 2696; x_wconf 84' lang='lat' dir='ltr'><strong>imperantem,</strong></span> <span class='ocrx_word' id='word_1_161' title='bbox 472 2609 527 2673; x_wconf 91' lang='lat' dir='ltr'><strong>sub</strong></span> <span class='ocrx_word' id='word_1_162' title='bbox 546 2610 593 2675; x_wconf 89' lang='lat' dir='ltr'><strong>bia</strong></span> <span class='ocrx_word' id='word_1_163' title='bbox 611 2611 707 2678; x_wconf 82' lang='lat' dir='ltr'><strong>illisve</strong></span> <span class='ocrx_word' id='word_1_164' title='bbox 726 2611 963 2689; x_wconf 78' lang='lat' dir='ltr'><strong>conditionibus,</strong></span> <span class='ocrx_word' id='word_1_165' title='bbox 987 2621 1130 2697; x_wconf 90' lang='lat' dir='ltr'><strong>tanquam</strong></span> <span class='ocrx_word' id='word_1_166' title='bbox 1151 2613 1324 2694; x_wconf 83' lang='lat' dir='ltr'><strong>generalem</strong></span> 
     </span>
     <span class='ocr_line' id='line_1_21' title="bbox 234 2725 1326 2814; baseline 0 -20"><span class='ocrx_word' id='word_1_167' title='bbox 234 2749 321 2795; x_wconf 83' lang='lat' dir='ltr'><strong>auum</strong></span> <span class='ocrx_word' id='word_1_168' title='bbox 341 2726 562 2792; x_wconf 87' lang='lat' dir='ltr'><strong>mandatarium</strong></span> <span class='ocrx_word' id='word_1_169' title='bbox 582 2725 739 2814; x_wconf 85' lang='lat' dir='ltr'><strong>admittere</strong></span> <span class='ocrx_word' id='word_1_170' title='bbox 758 2727 830 2796; x_wconf 86' lang='lat' dir='ltr'><strong>velit</strong></span> <span class='ocrx_word' id='word_1_171' title='bbox 848 2747 941 2792; x_wconf 85' lang='lat' dir='ltr'><strong>neone</strong></span> <span class='ocrx_word' id='word_1_172' title='bbox 942 2773 1019 2793; x_wconf 91' lang='grc'><strong>.......</strong></span> <span class='ocrx_word' id='word_1_173' title='bbox 1042 2727 1101 2792; x_wconf 88' lang='lat' dir='ltr'><strong>Sed</strong></span> <span class='ocrx_word' id='word_1_174' title='bbox 1122 2728 1193 2812; x_wconf 89' lang='lat' dir='ltr'><strong>quid</strong></span> <span class='ocrx_word' id='word_1_175' title='bbox 1212 2728 1326 2794; x_wconf 87' lang='lat' dir='ltr'><strong>diutius</strong></span> 
     </span>
     <span class='ocr_line' id='line_1_22' title="bbox 233 2840 1326 2928; baseline -0.001 -20"><span class='ocrx_word' id='word_1_176' title='bbox 233 2843 315 2908; x_wconf 83' lang='lat' dir='ltr'><strong>bisce</strong></span> <span class='ocrx_word' id='word_1_177' title='bbox 332 2843 548 2907; x_wconf 76' lang='lat' dir='ltr'><strong>immoremur?</strong></span> <span class='ocrx_word' id='word_1_178' title='bbox 569 2840 715 2927; x_wconf 83' lang='lat' dir='ltr'><strong>Apertam</strong></span> <span class='ocrx_word' id='word_1_179' title='bbox 730 2841 809 2905; x_wconf 89' lang='lat' dir='ltr'><strong>enim</strong></span> <span class='ocrx_word' id='word_1_180' title='bbox 830 2849 884 2917; x_wconf 88' lang='lat' dir='ltr'><strong>est,</strong></span> <span class='ocrx_word' id='word_1_181' title='bbox 905 2860 974 2905; x_wconf 85' lang='lat' dir='ltr'><strong>enm</strong></span> <span class='ocrx_word' id='word_1_182' title='bbox 994 2843 1101 2926; x_wconf 93' lang='lat' dir='ltr'><strong>populo</strong></span> <span class='ocrx_word' id='word_1_183' title='bbox 1117 2840 1206 2907; x_wconf 86' lang='lat' dir='ltr'><strong>simul</strong></span> <span class='ocrx_word' id='word_1_184' title='bbox 1225 2841 1326 2928; x_wconf 86' lang='lat' dir='ltr'><strong>irnpe-</strong></span> 
     </span>
     <span class='ocr_line' id='line_1_23' title="bbox 233 2956 1327 3041; baseline -0.002 -18"><span class='ocrx_word' id='word_1_185' title='bbox 233 2968 366 3031; x_wconf 88' lang='lat' dir='ltr'><strong>rantem,</strong></span> <span class='ocrx_word' id='word_1_186' title='bbox 384 2978 452 3021; x_wconf 90' lang='lat' dir='ltr'><strong>oum</strong></span> <span class='ocrx_word' id='word_1_187' title='bbox 470 2958 637 3041; x_wconf 89' lang='lat' dir='ltr'><strong>imperante</strong></span> <span class='ocrx_word' id='word_1_188' title='bbox 654 2956 743 3020; x_wconf 83' lang='lat' dir='ltr'><strong>simul</strong></span> <span class='ocrx_word' id='word_1_189' title='bbox 758 2957 898 3040; x_wconf 88' lang='lat' dir='ltr'><strong>populum</strong></span> <span class='ocrx_word' id='word_1_190' title='bbox 916 2956 1059 3039; x_wconf 86' lang='lat' dir='ltr'><strong>supponi,</strong></span> <span class='ocrx_word' id='word_1_191' title='bbox 1080 2965 1170 3040; x_wconf 89' lang='lat' dir='ltr'><strong>atque</strong></span> <span class='ocrx_word' id='word_1_192' title='bbox 1189 2976 1238 3019; x_wconf 89' lang='lat' dir='ltr'><strong>eos</strong></span> <span class='ocrx_word' id='word_1_193' title='bbox 1246 2957 1327 3040; x_wconf 89' lang='lat' dir='ltr'><strong>ipsos</strong></span> 
     </span>
     <span class='ocr_line' id='line_1_24' title="bbox 232 3069 1326 3157; baseline -0.002 -20"><span class='ocrx_word' id='word_1_194' title='bbox 232 3072 275 3137; x_wconf 89' lang='lat' dir='ltr'><strong>ita</strong></span> <span class='ocrx_word' id='word_1_195' title='bbox 293 3070 397 3145; x_wconf 80' lang='lat' dir='ltr'><strong>interi,</strong></span> <span class='ocrx_word' id='word_1_196' title='bbox 415 3071 574 3156; x_wconf 88' lang='lat' dir='ltr'><strong>Imperium</strong></span> <span class='ocrx_word' id='word_1_197' title='bbox 594 3091 652 3136; x_wconf 94' lang='lat' dir='ltr'><strong>non</strong></span> <span class='ocrx_word' id='word_1_198' title='bbox 671 3070 862 3134; x_wconf 83' lang='lat' dir='ltr'><strong>arbitrarium</strong></span> <span class='ocrx_word' id='word_1_199' title='bbox 884 3070 1054 3154; x_wconf 85' lang='lat' dir='ltr'><strong>quidesse,</strong></span> <span class='ocrx_word' id='word_1_200' title='bbox 1071 3091 1126 3134; x_wconf 86' lang='lat' dir='ltr'><strong>neo</strong></span> <span class='ocrx_word' id='word_1_201' title='bbox 1145 3093 1198 3157; x_wconf 88' lang='lat' dir='ltr'><strong>per</strong></span> <span class='ocrx_word' id='word_1_202' title='bbox 1214 3069 1326 3136; x_wconf 81' lang='lat' dir='ltr'><strong>deduc·</strong></span> 
     </span>
     <span class='ocr_line' id='line_1_25' title="bbox 232 3171 1323 3270; baseline 0 -20"><span class='ocrx_word' id='word_1_203' title='bbox 232 3182 340 3250; x_wconf 83' lang='lat' dir='ltr'><strong>tionem</strong></span> <span class='ocrx_word' id='word_1_204' title='bbox 349 3186 501 3270; x_wconf 89' lang='lat' dir='ltr'><strong>quandam</strong></span> <span class='ocrx_word' id='word_1_205' title='bbox 520 3185 608 3262; x_wconf 89' lang='lat' dir='ltr'><strong>oriri,</strong></span> <span class='ocrx_word' id='word_1_206' title='bbox 627 3186 678 3249; x_wconf 87' lang='lat' dir='ltr'><strong>sed</strong></span> <span class='ocrx_word' id='word_1_207' title='bbox 696 3171 893 3250; x_wconf 78' lang='lat' dir='ltr'><strong>neeessariam</strong></span> <span class='ocrx_word' id='word_1_208' title='bbox 911 3195 1026 3270; x_wconf 90' lang='lat' dir='ltr'><strong>partem</strong></span> <span class='ocrx_word' id='word_1_209' title='bbox 1046 3186 1176 3251; x_wconf 81' lang='lat' dir='ltr'><strong>universi</strong></span> <span class='ocrx_word' id='word_1_210' title='bbox 1192 3187 1323 3261; x_wconf 87' lang='lat' dir='ltr'><strong>efficere,</strong></span> 
     </span>
     <span class='ocr_line' id='line_1_26' title="bbox 235 3284 1327 3387; baseline 0 -21"><span class='ocrx_word' id='word_1_211' title='bbox 235 3322 313 3387; x_wconf 74' lang='lat' dir='ltr'><strong>qnae</strong></span> <span class='ocrx_word' id='word_1_212' title='bbox 331 3323 391 3366; x_wconf 95' lang='lat' dir='ltr'><strong>non</strong></span> <span class='ocrx_word' id='word_1_213' title='bbox 411 3302 449 3367; x_wconf 88' lang='lat' dir='ltr'><strong>ab</strong></span> <span class='ocrx_word' id='word_1_214' title='bbox 479 3301 562 3376; x_wconf 85' lang='lat' dir='ltr'><strong>aliia,</strong></span> <span class='ocrx_word' id='word_1_215' title='bbox 594 3299 646 3364; x_wconf 84' lang='lat' dir='ltr'><strong>sed</strong></span> <span class='ocrx_word' id='word_1_216' title='bbox 671 3297 795 3368; x_wconf 86' lang='lat' dir='ltr'><strong>velnt&#39;a</strong></span> <span class='ocrx_word' id='word_1_217' title='bbox 823 3284 943 3384; x_wconf 84' lang='lat' dir='ltr'><strong>seipsa</strong></span> <span class='ocrx_word' id='word_1_218' title='bbox 968 3300 1087 3365; x_wconf 91' lang='lat' dir='ltr'><strong>initium</strong></span> <span class='ocrx_word' id='word_1_219' title='bbox 1114 3301 1223 3386; x_wconf 84' lang='lat' dir='ltr'><strong>capiat.</strong></span> <span class='ocrx_word' id='word_1_220' title='bbox 1245 3301 1327 3366; x_wconf 84' lang='lat' dir='ltr'><strong>Hinc</strong></span> 
     </span>
     <span class='ocr_line' id='line_1_27' title="bbox 235 3413 1328 3500; baseline -0.002 -18"><span class='ocrx_word' id='word_1_221' title='bbox 235 3427 335 3483; x_wconf 89' lang='lat' dir='ltr'><strong>autem</strong></span> <span class='ocrx_word' id='word_1_222' title='bbox 363 3440 465 3484; x_wconf 86' lang='lat' dir='ltr'><strong>eorum</strong></span> <span class='ocrx_word' id='word_1_223' title='bbox 484 3415 646 3490; x_wconf 84' lang='lat' dir='ltr'><strong>sententia,</strong></span> <span class='ocrx_word' id='word_1_224' title='bbox 673 3414 724 3500; x_wconf 91' lang='lat' dir='ltr'><strong>qui</strong></span> <span class='ocrx_word' id='word_1_225' title='bbox 745 3422 922 3498; x_wconf 83' lang='lat' dir='ltr'><strong>potestatem</strong></span> <span class='ocrx_word' id='word_1_226' title='bbox 938 3413 1057 3500; x_wconf 88' lang='lat' dir='ltr'><strong>Imperii</strong></span> <span class='ocrx_word' id='word_1_227' title='bbox 1076 3435 1094 3477; x_wconf 86' lang='lat' dir='ltr'>a</span> <span class='ocrx_word' id='word_1_228' title='bbox 1112 3415 1177 3478; x_wconf 89' lang='lat' dir='ltr'><strong>Deo</strong></span> <span class='ocrx_word' id='word_1_229' title='bbox 1195 3415 1328 3481; x_wconf 86' lang='lat' dir='ltr'><strong>derivari</strong></span> 
     </span>
     <span class='ocr_line' id='line_1_28' title="bbox 158 3529 1328 3614; baseline -0.002 -17"><span class='ocrx_word' id='word_1_230' title='bbox 158 3597 161 3605; x_wconf 11' lang='grc' dir='ltr'>ἲ</span> <span class='ocrx_word' id='word_1_231' title='bbox 233 3542 263 3598; x_wconf 90' lang='lat' dir='ltr'><strong>et</strong></span> <span class='ocrx_word' id='word_1_232' title='bbox 290 3533 347 3597; x_wconf 86' lang='lat' dir='ltr'><strong>Dei</strong></span> <span class='ocrx_word' id='word_1_233' title='bbox 377 3533 530 3601; x_wconf 87' lang='lat' dir='ltr'><strong>uoluntate</strong></span> <span class='ocrx_word' id='word_1_234' title='bbox 557 3529 613 3595; x_wconf 91' lang='lat' dir='ltr'><strong>niti</strong></span> <span class='ocrx_word' id='word_1_235' title='bbox 641 3529 824 3601; x_wconf 85' lang='lat' dir='ltr'><strong>existimant,</strong></span> <span class='ocrx_word' id='word_1_236' title='bbox 859 3529 979 3594; x_wconf 91' lang='lat' dir='ltr'><strong>omnino</strong></span> <span class='ocrx_word' id='word_1_237' title='bbox 1007 3529 1166 3614; x_wconf 44' lang='lat' dir='ltr'><strong>probanda,</strong></span> <span class='ocrx_word' id='word_1_238' title='bbox 1188 3530 1328 3602; x_wconf 83' lang='lat' dir='ltr'><strong>videtur,</strong></span> 
     </span>
     <span class='ocr_line' id='line_1_29' title="bbox 234 3642 1327 3734; baseline -0.005 -20"><span class='ocrx_word' id='word_1_239' title='bbox 234 3647 343 3734; x_wconf 88' lang='lat' dir='ltr'><strong>qnippe</strong></span> <span class='ocrx_word' id='word_1_240' title='bbox 359 3667 437 3733; x_wconf 91' lang='lat' dir='ltr'><strong>quae</strong></span> <span class='ocrx_word' id='word_1_241' title='bbox 455 3644 612 3712; x_wconf 79' lang='lat' dir='ltr'><strong>manifeste</strong></span> <span class='ocrx_word' id='word_1_242' title='bbox 629 3643 792 3727; x_wconf 81' lang='lat' dir='ltr'><strong>significet,</strong></span> <span class='ocrx_word' id='word_1_243' title='bbox 816 3642 994 3729; x_wconf 86' lang='lat' dir='ltr'><strong>Imperium,</strong></span> <span class='ocrx_word' id='word_1_244' title='bbox 1019 3654 1052 3708; x_wconf 91' lang='lat' dir='ltr'><strong>nt</strong></span> <span class='ocrx_word' id='word_1_245' title='bbox 1071 3643 1192 3720; x_wconf 81' lang='lat' dir='ltr'><strong>existat,</strong></span> <span class='ocrx_word' id='word_1_246' title='bbox 1216 3665 1252 3708; x_wconf 83' lang='lat' dir='ltr'><strong>ex</strong></span> <span class='ocrx_word' id='word_1_247' title='bbox 1270 3644 1327 3708; x_wconf 93' lang='lat' dir='ltr'><strong>ho-</strong></span> 
     </span>
     <span class='ocr_line' id='line_1_30' title="bbox 232 3759 1330 3849; baseline -0.005 -20"><span class='ocrx_word' id='word_1_248' title='bbox 232 3764 349 3829; x_wconf 87' lang='lat' dir='ltr'><strong>minnm</strong></span> <span class='ocrx_word' id='word_1_249' title='bbox 377 3760 582 3831; x_wconf 85' lang='lat' dir='ltr'><strong>voluntatibus</strong></span> <span class='ocrx_word' id='word_1_250' title='bbox 608 3760 672 3830; x_wconf 84' lang='lat' dir='ltr'><strong>aire</strong></span> <span class='ocrx_word' id='word_1_251' title='bbox 698 3760 822 3847; x_wconf 82' lang='lat' dir='ltr'><strong>priuatis</strong></span> <span class='ocrx_word' id='word_1_252' title='bbox 845 3761 909 3827; x_wconf 84' lang='lat' dir='ltr'><strong>aive</strong></span> <span class='ocrx_word' id='word_1_253' title='bbox 935 3760 1098 3830; x_wconf 82' lang='lat' dir='ltr'><strong>collectivia</strong></span> <span class='ocrx_word' id='word_1_254' title='bbox 1125 3759 1207 3849; x_wconf 87' lang='lat' dir='ltr'><strong>nullo</strong></span> <span class='ocrx_word' id='word_1_255' title='bbox 1236 3759 1330 3824; x_wconf 81' lang='lat' dir='ltr'><strong>morlo</strong></span> 
     </span>
     <span class='ocr_line' id='line_1_31' title="bbox 233 3877 373 3966; baseline -0.007 -22"><span class='ocrx_word' id='word_1_256' title='bbox 233 3877 373 3966; x_wconf 86' lang='lat' dir='ltr'><strong>pendere.</strong></span> 
     </span>
     <span class='ocr_line' id='line_1_32' title="bbox 274 3981 1377 4077; baseline -0.003 -17"><span class='ocrx_word' id='word_1_257' title='bbox 274 3991 509 4077; x_wconf 76' lang='lat' dir='ltr'><strong>6.-Enempla</strong></span> <span class='ocrx_word' id='word_1_258' title='bbox 526 3991 614 4066; x_wconf 87' lang='lat' dir='ltr'><strong>vero‘,</strong></span> <span class='ocrx_word' id='word_1_259' title='bbox 632 4002 710 4075; x_wconf 81' lang='lat' dir='ltr'><strong>quae</strong></span> <span class='ocrx_word' id='word_1_260' title='bbox 728 3981 770 4054; x_wconf 86' lang='lat' dir='ltr'><strong>ab</strong></span> <span class='ocrx_word' id='word_1_261' title='bbox 787 3990 965 4058; x_wconf 82' lang='lat' dir='ltr'><strong>adversariis</strong></span> <span class='ocrx_word' id='word_1_262' title='bbox 983 3989 1089 4055; x_wconf 86' lang='lat' dir='ltr'><strong>nostris</strong></span> <span class='ocrx_word' id='word_1_263' title='bbox 1102 3992 1197 4057; x_wconf 89' lang='lat' dir='ltr'><strong>solent</strong></span> <span class='ocrx_word' id='word_1_264' title='bbox 1206 3989 1325 4068; x_wconf 87' lang='lat' dir='ltr'><strong>afferri,</strong></span> <span class='ocrx_word' id='word_1_265' title='bbox 1373 3995 1377 4001; x_wconf 83' lang='grc'><strong>’</strong></span> 
     </span>
     <span class='ocr_line' id='line_1_33' title="bbox 232 4103 1334 4194; baseline -0.001 -22"><span class='ocrx_word' id='word_1_266' title='bbox 232 4127 292 4194; x_wconf 88' lang='lat' dir='ltr'><strong>qno</strong></span> <span class='ocrx_word' id='word_1_267' title='bbox 302 4108 445 4187; x_wconf 85' lang='lat' dir='ltr'><strong>majorem</strong></span> <span class='ocrx_word' id='word_1_268' title='bbox 460 4105 646 4192; x_wconf 81' lang='lat' dir='ltr'><strong>opinionibus</strong></span> <span class='ocrx_word' id='word_1_269' title='bbox 662 4104 723 4170; x_wconf 84' lang='lat' dir='ltr'><strong>snio</strong></span> <span class='ocrx_word' id='word_1_270' title='bbox 734 4103 867 4173; x_wconf 83' lang='lat' dir='ltr'><strong>veritatis</strong></span> <span class='ocrx_word' id='word_1_271' title='bbox 885 4104 1012 4188; x_wconf 83' lang='lat' dir='ltr'><strong>speciem</strong></span> <span class='ocrx_word' id='word_1_272' title='bbox 1029 4105 1213 4182; x_wconf 87' lang='lat' dir='ltr'><strong>obtendant,</strong></span> <span class='ocrx_word' id='word_1_273' title='bbox 1230 4106 1334 4191; x_wconf 85' lang='lat' dir='ltr'><strong>potius</strong></span> 
     </span>
     <span class='ocr_line' id='line_1_34' title="bbox 229 4218 1331 4308; baseline 0 -22"><span class='ocrx_word' id='word_1_274' title='bbox 229 4223 324 4308; x_wconf 86' lang='lat' dir='ltr'><strong>ipsam</strong></span> <span class='ocrx_word' id='word_1_275' title='bbox 353 4241 457 4286; x_wconf 89' lang='lat' dir='ltr'><strong>eorum</strong></span> <span class='ocrx_word' id='word_1_276' title='bbox 475 4221 642 4286; x_wconf 86' lang='lat' dir='ltr'><strong>doctrinam</strong></span> <span class='ocrx_word' id='word_1_277' title='bbox 660 4218 794 4285; x_wconf 80' lang='lat' dir='ltr'><strong>funditus</strong></span> <span class='ocrx_word' id='word_1_278' title='bbox 814 4228 968 4299; x_wconf 81' lang='lat' dir='ltr'><strong>evertunt,</strong></span> <span class='ocrx_word' id='word_1_279' title='bbox 992 4240 1103 4304; x_wconf 84' lang='lat' dir='ltr'><strong>eoaque</strong></span> <span class='ocrx_word' id='word_1_280' title='bbox 1121 4221 1153 4285; x_wconf 91' lang='lat' dir='ltr'><strong>in</strong></span> <span class='ocrx_word' id='word_1_281' title='bbox 1171 4219 1253 4286; x_wconf 92' lang='lat' dir='ltr'><strong>omni</strong></span> <span class='ocrx_word' id='word_1_282' title='bbox 1270 4219 1331 4286; x_wconf 87' lang='lat' dir='ltr'><strong>bae</strong></span> 
     </span>
     <span class='ocr_line' id='line_1_35' title="bbox 226 4334 1245 4432; baseline -0.005 -28"><span class='ocrx_word' id='word_1_283' title='bbox 226 4357 260 4404; x_wconf 86' lang='lat' dir='ltr'><strong>re</strong></span> <span class='ocrx_word' id='word_1_284' title='bbox 278 4338 483 4429; x_wconf 80' lang='lat' dir='ltr'><strong>longissimea</strong></span> <span class='ocrx_word' id='word_1_285' title='bbox 502 4356 574 4413; x_wconf 82' lang='lat' dir='ltr'><strong>roro</strong></span> <span class='ocrx_word' id='word_1_286' title='bbox 592 4337 751 4424; x_wconf 84' lang='lat' dir='ltr'><strong>aberrare,</strong></span> <span class='ocrx_word' id='word_1_287' title='bbox 768 4336 838 4429; x_wconf 82' lang='lat' dir='ltr'><strong>plus</strong></span> <span class='ocrx_word' id='word_1_288' title='bbox 856 4334 947 4432; x_wconf 80' lang='lat' dir='ltr'><strong>etiam</strong></span> <span class='ocrx_word' id='word_1_289' title='bbox 965 4345 1142 4421; x_wconf 81' lang='lat' dir='ltr'><strong>coarguunt.</strong></span> <span class='ocrx_word' id='word_1_290' title='bbox 1241 4382 1245 4392; x_wconf 63' lang='grc'>,</span> 
     </span>
    </p>
   </div>
   <div class='ocr_carea' id='block_1_3' title="bbox 0 0 1414 5324">
    <p class='ocr_par' dir='ltr' id='par_1_3' title="bbox 0 0 1414 5324">
     <span class='ocr_line' id='line_1_36' title="bbox 0 0 1414 5324; baseline 0 0"><span class='ocrx_word' id='word_1_291' title='bbox 0 0 1414 5324; x_wconf 95' lang='lat' dir='ltr'><strong> </strong></span> 
     </span>
    </p>
   </div>
  </div>
 </body>
</html>
