2806 5324
661 383 734 463 tte

155 557 264 638 »times
283 568 347 639 rint
363 575 383 640 ὰ
400 573 574 650 s'c'teiudre,
593 574 670 641 mais
689 577 795 641 e'ncore
797 619 852 641 .....
872 583 978 640 caet».
1078 552 1080 555 ⁵
1161 591 1166 601 ·

192 691 253 774 3⁰.)
276 688 509 754 Tertiatandeur
531 710 625 776 eaque
645 689 728 756 lraud
747 689 871 757 minoris
886 678 1037 757 momenti
1046 690 1255 763 Comitiornn

148 803 264 869 iunctio
285 804 316 869 in
334 801 532 870 custodiendis
553 803 667 895 iegibus
687 815 832 872 versatur.
856 805 1249 880 Docetuourusonrevros:

152 919 257 983 «dans
272 940 332 984 une
354 918 527 984 monarchis
543 920 564 984 il
582 919 649 984 faut
666 938 774 984 encore
789 942 832 984 un
850 921 941 1006 tepor
960 920 999 985 de
1017 919 1083 986 lois.
1103 919 1252 1006 Cedepdt

155 1053 219 1097 une
246 1042 316 1117 peut
339 1042 402 1099 etre
419 1053 477 1120 que
496 1035 570 1099 dans
586 1036 628 1100 les
648 1056 733 1119 corps
750 1035 925 1121 poliliqnes,
942 1035 995 1122 qni
1012 1046 1188 1102 annoncent
1209 1037 1251 1102 les

46 1176 52 1189 ¹
154 1150 235 1215 »lois
263 1149 446 1234 lorsqu’elles
474 1148 672 1222 sontiates,
704 1160 732 1214 et
759 1151 803 1216 les
830 1143 995 1236 rappellent
1023 1152 1180 1238 lorsqu'on
1210 1153 1252 1218 les

155 1263 305 1328 ›roublieu
324 1263 383 1347 (l).

142 1360 146 1375 “
193 1376 288 1442 Prout
316 1377 395 1442 enirn
422 1377 618 1462 amplificatur
637 1379 760 1454 civitas,
780 1387 927 1461 angeatur
945 1378 1081 1446 homiues
1097 1389 1129 1445 et
1147 1398 1251 1446 rernm
1291 1368 1293 1397 ²

150 1492 298 1564 dominia.
328 1502 417 1578 atque
445 1492 516 1557 inde
545 1494 636 1559 etiam
665 1492 824 1560 relationes
846 1502 914 1561 tarn
940 1495 1094 1561 hominurn
1120 1495 1203 1560 inter
1218 1516 1252 1560 se

151 1626 242 1694 quam
269 1596 428 1672 ‘nominum
453 1609 492 1672 ad
522 1629 587 1684 res,
614 1609 685 1677 sive
703 1611 783 1692 leges
801 1610 1050 1696 multiplicantur.
1072 1609 1170 1686 Hinc,
1192 1630 1255 1697 quo

149 1721 261 1807 possint
290 1722 371 1803 leges
399 1721 515 1789 civibus
539 1725 739 1801 innotescere,
762 1747 837 1812 opus
853 1735 897 1791 est
916 1723 1071 1801 custodia,
1087 1747 1150 1813 qua
1168 1728 1253 1810 leges

149 1836 235 1920 quasi
262 1835 427 1920 depositum
450 1848 627 1915 serventur,
648 1840 701 1905 sed
720 1841 751 1906 in
768 1841 849 1928 quod
868 1840 1035 1926 depositum
1052 1842 1189 1909 nonnisi
1208 1843 1253 1908 le-

148 1970 202 2034 ges
222 1954 404 2018 necessaria-s
423 1955 513 2040 recipi
528 1963 654 2039 oportet.
1182 2017 1184 2020 Α

192 2065 303 2131 Verum
337 2066 412 2135 haec
446 2070 547 2166 legum
575 2069 710 2133 custodia
739 2069 922 2147 monarchae
947 2071 1093 2136 committi
1122 2072 1252 2159 nequit,

147 2179 218 2264 quia
236 2179 353 2265 privata
371 2182 435 2262 ejus
452 2185 590 2250 voluntas
608 2184 706 2266 leges.
729 2183 837 2270 quibus
854 2183 1141 2252 civitatisvolnnlas
1158 2206 1255 2268 gene·

147 2297 219 2362 ralis
242 2318 380 2384 expressa
407 2307 467 2373 est,
496 2307 631 2366 evertere
650 2308 702 2363 aut
723 2299 888 2383 depravare
905 2309 1020 2386 possetr
1039 2321 1137 2388 neque
1155 2302 1256 2368 tutius

146 2400 328 2483 monarchae
347 2415 548 2488 administris,
570 2435 697 2501 quorum
718 2413 846 2478 officium
864 2425 908 2479 est
928 2415 1113 2499 distinguere
1133 2434 1256 2500 semper

83 2592 86 2597 ,
146 2528 315 2611 generalem
343 2529 473 2595 civitatis
497 2530 683 2595 voluntatem
710 2531 862 2615 aprivata
881 2531 1022 2616 principis
1037 2530 1100 2597 sive
1120 2528 1256 2596 hominis

151 2645 323 2709 voluntate:
351 2666 420 2709 nam
444 2646 534 2710 etiarn
561 2645 610 2719 hi,
628 2645 654 2710 si
670 2646 807 2732 qnando,
826 2646 954 2730 privatis
968 2645 1087 2730 abrepti
1103 2646 1254 2731 utilitati*

146 2761 220 2832 bos.
246 2760 375 2826 officium
394 2783 482 2826 suum
505 2762 654 2844 negligere
682 2763 812 2838 vellent,
837 2762 953 2844 legibus
982 2759 1190 2826 adulterandis
1211 2759 1255 2825 ad

146 2896 201 2943 ona
229 2878 377 2963 proposita
396 2877 506 2961 optime
524 2877 720 2941 consulerent.
744 2878 785 2942 Ut
800 2878 892 2960 igitur
908 2877 1005 2944 omnis
1023 2878 1102 2959 leges
1121 2875 1256 2941 couvels·

149 2993 230 3056 tendi
257 2992 374 3056 occasio
402 2991 541 3066 tollatur,
570 2992 705 3055 custodia
731 3013 833 3082 earum
856 2992 1002 3057 committi
1022 2993 1111 3057 debet
1131 2991 1255 3076 corpori

30 3158 34 3166 .
147 3107 267 3172 cuidam
294 3108 432 3192 politico,
450 3109 529 3192 quod
547 3108 587 3171 ab
606 3109 686 3171 omni
703 3108 873 3192 corruptela
892 3117 922 3172 et
938 3107 1111 3172 seductione
1127 3107 1168 3170 sit
1182 3106 1255 3170 im·

144 3244 245 3304 mune.
270 3223 443 3289 Videbimus
463 3235 564 3288 autem
582 3223 658 3288 illud
678 3243 784 3307 corpus
802 3245 861 3287 non
880 3224 1042 3288 aliudesse
1062 3241 1263 3308 persequam·

145 3339 242 3426 ipsam
261 3363 403 3427 magnum
421 3342 513 3406 totius
530 3342 626 3424 gentis
644 3338 829 3412 Concilium
848 3338 898 3402 sed
909 3337 1128 3424 ‘explicandum
1144 3336 1252 3421 prins,

144 3455 216 3541 quid
235 3458 352 3542 proprie
370 3456 553 3540 significatur
570 3475 605 3520 ea
623 3456 721 3537 legum
745 3453 892 3518 custodia.

129 3591 132 3603 ·
187 3570 309 3637 Scilicet
337 3574 474 3638 custodia
503 3574 601 3656 legum
630 3571 748 3656 proprie
772 3571 897 3656 quidem
920 3569 1138 3656 ac-praecipue
1160 3571 1192 3635 in
1214 3591 1256 3637 eo

145 3686 299 3761 consistit,
332 3698 365 3754 nt
393 3689 585 3773 provideatur
612 3707 650 3752 ne
670 3687 748 3751 aliae
767 3688 895 3770 lepesin
914 3683 1255 3759 etvirarecondantur.

146 3802 203 3868 nisi
229 3822 307 3888 quae
334 3803 440 3878 utiles,
471 3804 503 3868 id
529 3813 592 3877 est,
614 3799 797 3867 necessariae
817 3803 888 3869 sint.
909 3801 953 3866 Ex
970 3810 1031 3887 quo‘
1046 3801 1143 3865 multa
1170 3798 1254 3876 atta„

144 3936 224 4003 quae
252 3919 290 3982 ad
318 3919 484 3984 custodiam
509 3919 609 4001 legum
635 3892 789 4003 spactant}
809 3926 992 4003 sequuntur,
1013 3937 1055 3980 sc.
1074 3924 1108 3979 ut
1125 3915 1253 3997 legum,

145 4057 222 4122 quae
241 4036 302 4116 iam
315 4040 500 4101 constitutae
518 4044 604 4111 sunt,
629 4035 822 4101 observantia
839 4041 974 4098 servetur
992 4040 1045 4095 aut
1056 4029 1257 4114 amplificatio

142 4161 279 4234 rogetur,
307 4152 355 4222 rel
387 4159 419 4216 ut
449 4151 568 4233 legum,
594 4171 671 4241 quas
696 4173 756 4216 non
776 4141 956 4215 necesarias
975 4165 1039 4212 esse
1057 4146 1252 4224 constiterit,

153 4403 532 4473 mmmmmuu
645 4416 647 4420 ⁴
