2806 5324
574 368 862 494 ,rrr'

185 581 305 649 Civitas
324 578 506 667 perceptioni
527 580 692 666 prospicere
709 592 740 647 et
757 582 886 648 rationes
905 582 1039 668 accipere
1058 583 1242 650 debetcum

137 717 235 762 nemo
252 698 348 782 aptius
366 696 586 780 perceptionem
604 697 830 782 compescit,
850 718 942 782 qnam
961 698 1013 782 qni
1032 699 1168 773 solvunt,
1188 720 1242 764 nec

137 813 254 879 melius
271 812 400 876 rationes
417 808 571 895 accipere,
588 832 679 896 quam
700 832 718 874 a
736 811 845 895 quibus
859 813 989 876 soluturo
1004 823 1059 878 est.
1070 813 1240 899 Perceptio·

140 947 216 992 nem
243 946 314 994 vero
343 925 431 990 istam
450 945 556 1005 curare
575 935 605 989 et
626 927 754 990 rationes
773 924 908 1010 accipere
927 925 1033 992 civitas
1050 949 1109 991 non
1127 938 1242 1014 potest.

143 1041 203 1106 nisi
221 1059 273 1126 per
289 1037 429 1105 officiales
445 1039 609 1123 quosdam,
631 1040 682 1124 qui
702 1040 822 1105 assiduo
840 1039 897 1104 hoc
914 1058 1039 1103 munere
1057 1039 1238 1123 fungantur,

144 1156 260 1241 quique
282 1154 314 1219 in
333 1173 369 1218 eo
390 1155 554 1219 exercendo
577 1152 700 1238 privatis
725 1153 908 1218 Monarchae
936 1156 1141 1221 voluntatibus
1157 1157 1258 1221 nnita·

145 1270 264 1334 ratione
287 1267 407 1333 obnoxii
427 1267 497 1333 sint.
521 1266 599 1331 Hinc
618 1254 765 1333 institutio
782 1288 969 1334 camerarum
988 1270 1051 1334 sive
1068 1271 1240 1340 curiarum.

146 1403 230 1468 quae
258 1381 424 1449 rationibus
453 1381 582 1467 puhlicis
613 1391 754 1467 praesunt
781 1382 1037 1469 (detentum,
1066 1385 1165 1459 Cerere
1191 1385 1243 1453 des

148 1494 315 1584 compes).
1172 1536 1175 1543 ·

191 1611 295 1676 Prima
312 1609 415 1695 itaque
434 1609 501 1676 00.
522 1608 589 1676 GG.
608 1611 723 1677 functio
743 1610 775 1677 in
792 1592 1256 1680 ethaeorumconoessioneeon-‘

147 1726 239 1792 sistit.
269 1725 370 1806 Quam
397 1725 563 1791 necessaria
582 1723 803 1793 vero'sithaec
821 1727 951 1794 civitatis
969 1726 1167 1802 interventio,
1189 1747 1247 1812 ap·

148 1840 286 1926 parebit,
315 1840 342 1905 si
367 1838 537 1904 memineris
565 1861 618 1904 noe
635 1838 713 1905 inter
730 1842 853 1919 modos,
875 1843 985 1927 quibus
1006 1841 1130 1929 opprimi
1151 1851 1246 1926 potest

148 1955 276 2029 ciuitas,
297 1954 449 2030 retulisse,
470 1954 496 2018 si
512 1954 695 2031 Monarcha,
714 1976 799 2020 snam
819 1946 968 2041 privatum
980 1957 1257 2034 voluntatemsuin·x
1309 2002 1316 2017 ,

148 2073 278 2143 stitnens
291 2068 438 2161 uoluntati
457 2068 587 2136 civitatis
604 2069 753 2151 generali,
774 2069 861 2148 cuiue
880 2071 1054 2136 exercitium
1069 2082 1130 2149 est,
1146 2071 1248 2137 tribu·

148 2195 250 2253 torum
277 2183 396 2249 nomine
416 2192 469 2247 aut
489 2183 614 2248 nimium
634 2191 686 2248 aut
705 2184 855 2249 nonsatis
875 2186 912 2249 ad
932 2185 1151 2253 defendendam
1168 2185 1247 2253 ciui·

148 2309 246 2367 tatem
273 2298 382 2382 exigat.
405 2299 446 2363 Ut
471 2298 562 2380 igitur
588 2299 753 2384 pericnlum
780 2299 930 2380 ejusmodi
954 2309 1110 2375 arceatur,
1127 2320 1256 2367 necesse

149 2422 271 2490 est„ut
291 2413 330 2478 ab
348 2413 413 2498 ipsa
431 2413 553 2480 civitate
567 2412 679 2499 inquiri
696 2414 803 2499 possit,
826 2436 900 2481 num
916 2415 1067 2498 rogatio-a
1083 2414 1249 2481 Monarcha

149 2529 236 2596 sacta
252 2527 332 2609 justa
351 2527 401 2592 sit.
422 2528 507 2595 Idem
525 2548 644 2614 qnoque
661 2529 741 2594 velet
759 2528 791 2592 in
806 2529 1005 2614 percipiendis
1023 2538 1058 2594 et
1075 2529 1250 2614 impenden-

150 2644 201 2710 dis
216 2642 355 2719 rehorios
375 2664 446 2709 narn
465 2664 503 2709 ne
521 2643 686 2711 Monarcha
701 2645 768 2730 plus
784 2644 946 2730 percipiat,
966 2664 1058 2728 qnam
1077 2665 1250 2711 concessum

150 2758 210 2834 sit,
238 2778 294 2823 nec
314 2759 456 2844 pecunias
475 2758 612 2843 publicas
629 2758 660 2822 in
679 2759 812 2844 priuatos
829 2779 900 2823 nsns
918 2767 1089 2832 convertat,
1110 2777 1251 2823 necessa·

150 2870 233 2937 rium
254 2871 358 2957 ntique
377 2881 441 2948 est,
460 2883 495 2937 nt
512 2873 619 2940 civitas
635 2871 817 2958 perceptioni
832 2872 991 2956 prospiciat
1007 2881 1038 2936 et
1056 2873 1186 2938 rationes
1199 2893 1252 2936 ac·

152 2986 278 3072 cipiats
294 3005 398 3053 verum
426 2987 458 3052 id
487 3009 546 3052 non
576 2987 606 3052 in
627 3008 736 3070 magno
756 2987 902 3064 concilio,
919 2986 972 3051 sed
989 3007 1041 3071 per
1058 2987 1198 3053 officiales
1212 2983 1254 3052 ud

151 3101 404 3177 hocconstitutcs
421 3099 484 3177 fieri
505 3102 632 3177 debere,
656 3102 716 3182 jam
728 3123 822 3188 ,snpra
839 3101 1017 3167 notavimus.

151 3293 154 3297 ,
199 3216 288 3296 Quae
304 3237 376 3311 uero
395 3217 541 3283 hactenns
560 3217 598 3281 de
606 3217 794 3282 concessione
803 3215 984 3285 tributorum
992 3217 1170 3301 generaliter
1178 3215 1254 3282 dixi·

101 3413 107 3430 ·
152 3353 243 3408 mus,
263 3330 451 3416 aliquantum
467 3333 648 3413 restringunt
666 3351 744 3417 qnae
760 3331 974 3411 subjiciuntur.

198 3446 324 3512 Sumtus
343 3447 478 3524 scilicet3
500 3447 552 3533 qni
573 3447 611 3512 ad
632 3447 901 3512 administrandam
921 3458 951 3512 et
969 3447 1188 3514 defendendam
1207 3447 1250 3514 ci·

154 3544 284 3633 ritatem
301 3561 512 3647 requiruntur,
537 3561 664 3646 duplicis
681 3549 751 3627 sunt
769 3564 901 3645 generis:
923 3561 976 3627 atii
993 3554 1254 3647 ordinariisotr‘et
1320 3594 1321 3598 ¹
1352 3591 1354 3594 ·

155 3701 225 3746 num
244 3698 335 3743 cansa
353 3676 470 3743 assidua
489 3685 519 3741 et
535 3677 667 3761 quodam
685 3679 774 3742 modo
793 3687 935 3764 perpetua
951 3688 1011 3756 est,
1027 3678 1079 3743 alii
1093 3675 1256 3745 entraordi-

153 3793 255 3870 narii,
270 3812 409 3877 -qnorum
437 3811 527 3863 causa
546 3791 713 3859 adventitia
732 3801 763 3856 et
780 3791 960 3877 temporaria
979 3802 1034 3858 est.
1058 3791 1138 3871 Hinc
1153 3797 1255 3855 autem
1331 3845 1334 3851 Α

155 3909 224 3994 ipsa
241 3903 356 3969 tributa
372 3906 421 3974 vel
438 3903 589 3970 ordinaria
607 3905 655 3971 vel
676 3904 912 3970 extraordinaria
929 3925 992 3971 esse
1013 3904 1133 3969 debent.

203 4023 359 4103 Quamdiu
377 4020 456 4085 enirn
476 4022 540 4087 sive
557 4018 711 4084 hominnm
726 4021 938 4088 numernssiue
949 4020 1094 4086 bonornrn
1107 4016 1193 4102 copia
1203 4034 1258 4081 nec

158 4147 290 4220 augetur
306 4156 361 4202 nec
379 4135 541 4210 minuitur,
561 4133 732 4199 non-etiam
742 4143 897 4199 mutantur
906 4131 1170 4201 administrationis
1179 4152 1263 4196 sum·

109 4309 115 4316 .
160 4261 231 4329 tus,
249 4259 279 4316 et
298 4250 441 4337 quamdiu
458 4249 647 4313 imminentes
664 4248 907 4345 autminitantes
924 4248 1023 4315 hostes
1039 4268 1099 4313 nou
1118 4245 1262 4344 majorem

161 4375 342 4451 apparatum
368 4365 512 4441 suadent,
539 4371 655 4429 sumtus
679 4362 861 4438 detensionis
883 4363 995 4451 pariter
1019 4383 1081 4431 non
1096 4373 1261 4439 mutentur·
