2806 5324
720 398 784 480 ω,

205 592 378 684 »decgdem
405 616 441 659 err
463 592 556 658 neenrt
572 590 681 657 conder·
699 590 747 657 iret
763 598 793 657 te
811 589 1036 656 merlenmaco
1054 568 1296 687 pieuwenqgeest

205 701 1295 803 suun,endiehoedcrrighedcrr‚diemcncerlongtdcthetbezilte.(l)›r
1342 722 1345 727 '
1400 773 1402 783 ,

244 822 379 888 Tandem
401 842 459 885 non
478 841 570 906 parra
587 806 630 886 est
647 819 838 889 monarchiae
856 804 1092 896 commendatio,
1109 820 1135 885 si
1148 821 1296 907 respicio·
1319 816 1325 832 '
1397 861 1403 911 ¹,

201 957 268 1001 mus
285 937 419 1001 ordinem
428 936 619 1010 concinnum,
632 935 830 1019 diligentiam,
842 933 1030 998 concordiam
1042 933 1073 997 in
1085 933 1296 1035 primisatque

204 1050 391 1125 felicitatem,
409 1050 517 1135 quibus
534 1050 633 1113 omnia
650 1050 767 1132 negotia
785 1048 905 1133 publica
917 1044 1297 1133 experturusonamob-

204 1184 267 1231 rem
292 1164 379 1229 nnius
404 1163 562 1248 Imperium
586 1164 679 1228 mnlto
701 1165 796 1245 magis
815 1161 920 1229 vicinis
935 1161 1129 1226 metuendum
1148 1171 1204 1249 est,
1229 1161 1299 1228 Do-

144 1278 148 1285 ’
204 1279 245 1346 mi
272 1280 350 1344 enim
373 1277 585 1362 tranquillitas,
615 1286 704 1362 atquc
720 1276 765 1340 vis
785 1275 837 1339 illa
865 1274 969 1351 unita,
990 1254 1165 1341 sicutintus
1182 1276 1238 1341 olii
1256 1296 1296 1341 ac
1358 1361 1359 1364 Ἴ

204 1390 370 1458 securitatis
387 1392 502 1459 fructus
518 1392 646 1479 spargit,
665 1393 708 1456 ita
725 1400 754 1455 et
771 1389 851 1454 lonas
868 1388 1056 1454 formidinem
1074 1390 1170 1473 magis
1183 1390 1299 1456 incutit

204 1505 353 1602 hostibus,
376 1527 465 1593 qnam
483 1507 534 1570 ubi
556 1504 757 1570 dissentientia
775 1503 960 1597 optimatium
976 1502 1076 1568 studia
1090 1505 1140 1571 vel
1151 1490 1300 1587 multitu·
1355 1578 1359 1585 ,

205 1620 282 1688 dinis
296 1621 401 1689 levitas
419 1621 499 1686 omni
517 1619 635 1706 lmperii
656 1618 749 1704 vigori
765 1618 975 1702 impedimenta
992 1618 1161 1683 obstruunt.

153 1816 160 1826 ,
248 1734 332 1800 Haec
358 1735 449 1816 igitur
473 1733 663 1797 monarchiae
686 1733 837 1818 potissima
859 1733 1032 1798 commoda:
1052 1732 1160 1823 quibus
1175 1732 1200 1796 si
1215 1753 1302 1819 quae

206 1848 280 1916 vitia
297 1849 402 1933 opponi
420 1856 557 1932 possunt,
585 1846 616 1911 id
634 1847 722 1911 simul
741 1845 976 1945 observandum,
999 1830 1099 1912 omnes
1120 1848 1194 1915 alias
1210 1849 1303 1932 regi-

206 1961 294 2027 mihis
319 1961 430 2026 formas
448 1961 552 2025 iisdem
570 1960 765 2025 incommodis
784 1961 925 2026 obnoxias
943 1981 1025 2038 esse,
1044 1960 1152 2049 quibus
1168 1983 1303 2028 monar-

209 2075 324 2151 chiam;
346 2095 449 2144 verum
468 2075 546 2139 hanc
562 2060 657 2140 multa
674 2095 745 2160 prae
764 2095 795 2139 se
811 2075 889 2141 serre
908 2077 1078 2151 commoda,
1099 2075 1207 2163 quibus
1224 2070 1301 2142 cae-
1384 2068 1386 2134 ¹,

208 2199 290 2256 terne
315 2199 427 2255 carent.
449 2191 596 2272 Tyrannio
617 2189 696 2254 eninr
714 2200 744 2255 et
762 2190 915 2274 potestatis
935 2192 1044 2257 abusus
1062 2191 1215 2276 quibusvis
1236 2190 1303 2255 lrn·
1384 2207 1385 2218 ¹

208 2304 282 2392 perii
296 2305 392 2370 modis
409 2306 576 2394 communia
593 2313 679 2368 sunl:
699 2304 822 2370 unitatis
839 2325 910 2381 vero
927 2315 958 2370 et
975 2305 1194 2392 aequabilitatis
1214 2325 1304 2368 erno-
1345 2342 1349 2347 ·
1382 2284 1384 2324 ³

210 2420 375 2486 lomentum
401 2419 456 2483 soli
482 2417 673 2483 monarchiae
700 2417 849 2503 proprium
875 2428 928 2483 est.
957 2418 996 2483 Et
1013 2420 1038 2484 si
1054 2418 1307 2519 minorennitates
1346 2468 1351 2477 .

213 2533 357 2618 excipias,
383 2533 497 2618 reliqna
524 2529 733 2605 monarchiae,
762 2530 786 2594 si
813 2541 1000 2616 quaesunt,
1026 2533 1178 2617 pericula,
1203 2533 1308 2619 potins

214 2647 353 2733 principis
371 2646 456 2713 ¹vitia
475 2655 563 2723 sunt,
583 2665 681 2731 quam
707 2644 827 2730 quidem
843 2644 956 2711 formae
974 2647 1101 2733 Imperii.
1122 2647 1185 2713 'Sed
1197 2662 1310 2733 neque

216 2761 292 2828 haec
308 2760 450 2827 continua
470 2770 587 2825 suntet
607 2761 761 2825 meliorum
779 2760 948 2828 interventu
963 2770 1126 2847 pensantur
1140 2759 1200 2847 (2).
1221 2757 1322 2827 Vitia'
1384 2840 1386 2860 h

219 2877 298 2942 enim
324 2875 462 2963 principis
486 2896 548 2939 nna
575 2897 642 2938 cum
670 2876 732 2961 ipso
758 2875 939 2951 momontum
968 2875 1008 2940 ab
1032 2874 1121 2940 unius
1144 2875 1312 2957 tyrannide
1384 2861 1386 2884 ⁸

215 3011 299 3055 mors
315 2988 474 3075 aliquando
491 2988 631 3053 liberabit
650 2991 809 3074 populum,
828 3000 858 3055 et
875 3011 940 3075 spes
956 3000 1000 3055 est
1016 2997 1100 3067 erun,
1119 2989 1169 3075 qui
1186 3006 1314 3054 succen-
1386 3060 1387 3082 χ

219 3125 306 3170 surus
322 3112 384 3179 est,
404 3103 554 3167 meliorem
573 3102 647 3186 lore.
670 3104 731 3183 Qui
749 3125 820 3170 vero
837 3105 1099 3170 minorennitntum
1116 3084 1315 3193 incommoda
1387 3103 1389 3179 ζ

220 3226 405 3297 memorant,
434 3226 468 3282 ut
494 3216 564 3281 inde
590 3218 751 3300 colligant,
777 3227 909 3283 caeteras
925 3218 1044 3304 Imperii
1060 3217 1170 3283 lorrnas
1187 3218 1316 3284 monar-

222 3331 309 3397 chiae
336 3350 399 3396 esse
426 3329 653 3416 praeferendas,
676 3353 735 3397 non
754 3330 849 3414 logice
868 3335 1122 3413 argumentantur.
1144 3330 1317 3398 Maxirnnnr
1379 3329 1386 3393 J*

222 3447 301 3527 enim
319 3447 425 3516 vitium
445 3445 635 3518 monarchiae
655 3457 717 3524 est,
741 3448 819 3534 quod
839 3448 994 3515 commoda
1011 3447 1075 3529 ejus
1096 3472 1155 3517 non
1173 3430 1221 3515 ita
1239 3471 1318 3515 con·
1380 3529 1388 3550 h

1141 3575 1146 3579 .
1380 3559 1388 3583 ll

245 3590 282 3679 (l)
298 3615 326 3665 In
344 3632 416 3682 opere
432 3617 473 3668 idd
489 3621 533 3668 der
550 3621 726 3686 ortwilrlrcls'nq
745 3639 790 3672 nnn
807 3624 965 3672 ’ememtes
982 3621 1123 3693 sedclq'hors
1132 3593 1235 3685 onoloq,
1252 3623 1285 3670 s'rr
1298 3622 1331 3671 de
1386 3592 1387 3595 Ἴ

214 3710 384 3777 qoscbr'cdcrris
402 3712 563 3776 cpprrpmffl,
588 3714 655 3777 quod
672 3717 788 3771 exolutim
805 3718 847 3766 bot
863 3717 1060 3786 muqcsq'nmcor
1075 3712 1106 3764 δι
1121 3714 1242 3765 critobole
1258 3710 1333 3787 1οῇεὲ
1380 3707 1388 3794 ²¹

214 3805 324 3872 boqurtc
341 3818 371 3851 err
388 3804 418 3851 dc
433 3806 602 3867 pcrcbiederrr's
618 3823 665 3856 oon
681 3808 796 3868 deceive,
813 3810 955 3876 uitgogeron
972 3808 1032 3859 door
1047 3821 1071 3862 r.
1088 3819 1138 3856 van
1155 3819 1279 3882 ganan,
1297 3809 1334 3862 IV

215 3897 241 3948 d.
257 3893 285 3948 3⁰
297 3898 356 3948 srnk
372 3915 399 3964 p·
414 3895 471 3949 279.
559 3930 562 3935 ·

245 4001 312 4053 Dicit
322 3994 426 4068 *quoquo
443 4013 591 4052 nonnsrrrnr
608 4003 694 4059 Contr.
711 4005 767 4057 Soc.
782 4005 828 4056 Ill.
844 4004 875 4062 6:
899 3999 1076 4075 squend,'prr
1091 4006 1203 4072 quelque
1219 4007 1336 4060 henrenx

214 4093 332 4158 chunard,
356 4112 390 4146 un
413 4096 444 4146 de
467 4111 508 4146 ces
530 4095 638 4146 hommes
661 4099 704 4147 nes
720 4116 781 4165 pour
797 4117 931 4165 gonrerner
946 4102 1023 4169 prend
1039 4103 1064 4152 le
1080 4103 1155 4151 timon
1172 4100 1216 4151 doh
1235 4103 1336 4154 affaire·
1384 4159 1385 4172 ,

216 4186 291 4238 sdan·
307 4205 355 4240 nne
371 4193 511 4241 monarchia
525 4207 633 4258 presque
649 4189 756 4258 chinric,
780 4209 812 4243 on
829 4199 865 4247 est
882 4199 933 4246 tout
948 4195 1038 4263 surprir
1054 4196 1097 4248 der
1112 4185 1252 4249 renonrces
1270 4197 1337 4264 qu’il
1385 4233 1388 4248 1

218 4282 334 4343 stronre,
349 4286 375 4331 et
390 4283 444 4333 cela
459 4283 502 4332 init
517 4285 643 4350 dpoque.r

250 4371 288 4435 (2)
304 4371 365 4429 Tro.
380 4375 448 4465 Hiqt.
463 4374 506 4428 tv.
525 4377 564 4430 74.

1382 4053 1388 4126 i
