2806 5324
690 395 778 477 'tur

135 584 341 658 hominnm
368 605 436 658 cunr
456 593 541 659 bonis
560 591 711 667 oriantur,
743 611 798 655 nec
826 590 890 655 sine
915 587 1109 654 relationibus
1134 586 1172 652 iis
1200 587 1279 653 ciri·

110 726 113 734 ·
144 713 230 771 ias
255 706 380 790 cogitari
402 708 503 791 possit.
527 708 606 772 llinc
633 713 734 770 autem
751 705 858 771 civitas
875 701 1089 790 repraesentari
1106 724 1165 766 noo
1184 702 1280 786 potnit

136 821 239 885 nisi
257 822 297 886 ab
319 821 490 886 bominibus
506 794 731 908 proprr’ctcrr'iss
756 829 786 883 et
812 836 887 883 cum·
901 819 932 882 in
952 817 1093 882 societate
1107 836 1223 900 semper
1242 815 1281 879 ad

151 935 342 1007 familias,
353 953 412 1006 non
431 935 470 999 ad
490 935 655 1016 singulares
673 932 807 997 homines
825 932 931 1017 respici
948 940 1100 1016 oporteat,
1125 929 1195 994 binc
1214 951 1280 994 cor·
1344 928 1349 934 ’

153 1066 235 1132 pus
264 1047 447 1132 reipublicae
463 1047 691 1134 ‘repraesentari
719 1068 778 1111 uon
807 1047 902 1131 potuit
930 1045 987 1110 nisi
1014 1043 1298 1130 aprofessionibus'

164 1162 343 1254 socialibus
365 1163 586 1247 proprietariis,
607 1162 627 1225 i.
646 1180 691 1236 e.,
714 1181 792 1246 qnae
809 1161 848 1224 ab
866 1161 931 1246 ipsa
946 1159 1089 1225 societate
1104 1160 1134 1229 in
1145 1179 1282 1244 compen·

173 1277 329 1340 sationem
342 1277 504 1341 officiorum
518 1285 600 1340 certa
618 1275 697 1340 bona
717 1284 859 1360 tanquam
876 1274 993 1359 propria
1011 1282 1197 1358 acceperant.
1214 1273 1281 1337 Pri·

172 1389 239 1454 mis
259 1409 332 1454 vero
352 1391 536 1476 temporibus
549 1411 608 1455 non
628 1389 727 1473 plures
743 1409 834 1474 quam
852 1399 913 1454 tres
937 1390 1064 1453 aderant
1082 1389 1279 1473 professiones

177 1523 197 1568 a
223 1504 368 1569 societate
396 1525 432 1568 eo
453 1504 543 1568 modo
561 1504 708 1579 donatae,
731 1523 773 1567 sc.
793 1502 928 1586 Religio,
953 1499 1115 1585 Imperium
1131 1502 1194 1568 sive
1216 1503 1281 1567 Mo·

179 1617 314 1691 neieina,
346 1628 377 1682 et
405 1617 565 1684 Nobilitas.
600 1616 744 1682 Germani
768 1618 869 1692 enim,
892 1616 944 1702 qui
960 1616 1043 1681 nulla
1062 1613 1094 1679 in
1113 1635 1145 1680 re
1163 1636 1195 1681 se
1213 1617 1280 1699 cogi

175 1733 391 1816 patiebantur,
414 1743 518 1817 sponte
544 1732 665 1814 regibus
691 1741 721 1795 et
738 1731 945 1796 sacerdotibus
964 1731 1025 1796 suis
1043 1729 1122 1794 dona
1139 1730 1218 1795 ferre
1233 1752 1282 1795 as-

179 1859 357 1924 sueverant,
381 1871 459 1936 quce
487 1869 544 1935 pro
572 1845 683 1912 bonore
711 1853 835 1934 accepta
854 1843 943 1911 ctiam
968 1841 1192 1910 necessitatibus
1208 1845 1282 1911 sub-

170 1959 337 2028 ¹rcrrr‘ctrnut
370 1962 429 2048 (l).
463 1963 504 2029 tlt
529 1983 598 2027 cunr
613 1963 752 2045 deinceps
769 1961 962 2025 necessitates
979 1961 1017 2024 ob
1034 1959 1132 2044 ipsum
1150 1961 1280 2028 civitatis

167 2075 397 2141 incrementum
423 2077 518 2159 magis
544 2077 698 2162 magisque
724 2084 922 2157 angerentur,
946 2075 1009 2159 ipsa
1038 2094 1154 2160 qnoque
1181 2095 1281 2138 rernm

168 2200 292 2255 natura
319 2191 432 2267 suasit,
455 2190 590 2274 religioni
620 2199 650 2253 et
668 2190 804 2275 ,lmperio
825 2196 940 2255 cerroto
959 2189 1098 2255 fortunae
1114 2188 1281 2254 subsidium

168 2305 405 2370 concedendum
425 2325 506 2380 esse,
530 2325 591 2391 quo
607 2323 661 2368 nec
680 2306 711 2368 in
726 2306 921 2369 sustentanda
942 2304 1107 2388 dignitate,
1128 2314 1180 2380 aut
1199 2305 1279 2369 tole·

169 2419 287 2499 ¹randis
310 2419 480 2503 sumptibus
512 2420 551 2482 ad
569 2420 682 2484 cultum
698 2429 852 2484 externum
872 2419 1064 2493 necessariis,
1089 2439 1109 2481 a
1128 2439 1279 2505 quoquam

177 2533 361 2616 penderent,
394 2542 497 2617 utpote
522 2552 558 2597 er
586 2555 645 2619 quo
677 2535 829 2620 utriusque
856 2533 901 2599 vis
927 2544 957 2598 et
977 2534 1139 2598 auctoritas
1155 2536 1284 2599 multum

163 2645 295 2712 sfirmari
323 2648 486 2714 rideretur.
526 2650 613 2714 Tunc
646 2650 738 2733 igitur
762 2660 824 2714 tarn
850 2650 997 2734 Imperio,
1031 2670 1121 2734 qnam
1147 2650 1284 2732 religioni

163 2761 306 2849 -praedia
314 2763 467 2845 adsignari
476 2773 655 2848 coeperunt,
675 2774 705 2828 et
723 2766 791 2850 quia
812 2764 918 2828 civitas
934 2763 998 2827 sine
1014 2761 1282 2844 Religioneetsiue

154 2879 312 2964 -tmperio
332 2876 493 2943 subsistere
523 2898 582 2942 non
613 2888 729 2963 posset,
753 2879 817 2962 ipsa
826 2878 940 2942 iterum
958 2897 1058 2940 rernm
1077 2887 1192 2943 natuna
1211 2900 1279 2965 pos÷
1357 2863 1361 2867 ’
1388 2947 1392 2958 Ι

162 3003 231 3060 ·tea
249 2994 482 3068 constitnit‚ut
498 2993 620 3078 praedia
638 2994 695 3057 ista
715 2992 847 3057 alienare
870 3014 929 3057 non
949 2990 1063 3056 liceret.

159 3132 166 3162 ι·
222 3092 483 3172 PorroNobilitas
498 3109 604 3173 eodem
622 3108 711 3171 modo
728 3107 923 3193 proprietario
946 3106 1029 3171 fecta
1048 3116 1103 3172 est.
1127 3107 1281 3191 lmperan·

160 3233 226 3288 :tes
254 3223 356 3297 enirn,
389 3223 435 3286 nti
461 3243 551 3307 supra
575 3223 787 3296 narravimus,
808 3221 979 3296 nobilibus,
1003 3221 1042 3284 ad
1061 3243 1136 3305 quos
1154 3223 1283 3306 pertiue-

162 3339 235 3402 ‚bat
257 3336 390 3401 defensio
407 3337 557 3412 civitatis,
581 3337 704 3422 praedia
716 3337 905 3401 tradiderunt
914 3337 970 3402 sub
981 3337 1151 3415 conditione
1159 3330 1283 3421 operam

177 3452 341 3517 militarem
366 3453 549 3539 praestandi.
580 3453 685 3537 anue
704 3470 775 3518 vera
797 3451 881 3534 origo
898 3460 928 3516 et
946 3453 1023 3516 ratio
1040 3453 1199 3519 feudorum
1220 3452 1281 3517 ha-

163 3567 282 3632 :benda
301 3577 364 3644 est,
388 3570 459 3634 licet
475 3569 574 3635 forsan
591 3569 711 3655 probari
730 3567 820 3653 possit
830 3565 951 3650 praedia
961 3569 1106 3647 nonnulla
1117 3569 1180 3636 sire
1189 3568 1282 3633 feuda

177 3681 294 3759 fnisse,
327 3702 406 3768 quae
436 3685 483 3751 vel
507 3683 601 3768 gratis
630 3685 678 3750 vel
695 3681 763 3747 'sub
792 3681 859 3745 aliis
893 3681 1114 3748 conditionibus
1148 3685 1280 3769 posside-

163 3795 303 3861 :banton

222 3908 315 3974 flisco
331 3910 423 3994 igitur
440 3912 652 3978 convenienter
670 3911 742 3976 olim
751 3910 874 3995 quidem
883 3930 1011 3993 magnae
1021 3910 1117 3994 gentis
1126 3907 1282 3974 conciones

154 4049 219 4094 ner
237 4028 345 4110 Rege,
370 4047 406 4092 er
425 4027 569 4105 Clericis,
593 4038 623 4093 et
640 4049 680 4092 ex
693 4024 852 4093 Nobilibus
866 4026 1032 4090 constitisse
1043 4025 1195 4092 novimus.
1215 4025 1280 4090 Nec

175 4142 305 4223 objicias
323 4141 402 4226 apud
422 4141 587 4208 Germanos
604 4145 733 4229 primum
750 4142 872 4208 comitia
890 4139 1039 4216 inveniri,
1063 4141 1103 4209 ad
1117 4142 1289 4225 ‚quaeum-—

165 4280 283 4332 uersos
309 4258 431 4326 omnino
454 4257 587 4343 populns·
608 4258 866 4342 congregabatur:
889 4253 934 4321 nti
959 4253 1220 4326 referundam,
1245 4255 1286 4320 de

198 4403 241 4473 (tl
257 4403 297 4459 Cf.
315 4417 400 4458 rrcrr.
416 4403 447 4454 de
462 4401 552 4455 morib.
569 4401 653 4452 Germ.
672 4415 697 4455 o.
717 4396 758 4453 ¹5.
