2806 5324
661 281 711 397 rc

136 512 202 582 rari
231 512 339 598 possit,
362 531 418 577 nec
451 533 503 597 pro
532 497 696 576 factionum
717 527 946 599 personarumve
967 502 1133 571 mutatione
1154 522 1232 588 per-

138 638 227 712 petuo
248 628 323 694 illud
346 627 464 694 vacillet
487 635 539 691 aut
561 625 705 691 varietur.

165 744 212 807 ‘h.
235 780 279 792 -
299 741 416 821 Quibus
433 740 573 820 subjectis
591 740 755 805 rationibus
778 736 982 802 monarchiam
999 755 1034 798 er
1054 733 1147 800 variis
1168 729 1232 795 lrn·
1275 822 1277 826 Α

138 853 211 941 perii
231 854 343 919 ‘formis
368 855 500 918 omnium
521 855 662 940 optimam
686 855 855 940 probamus.
884 849 1110 915 contradicunt.
1128 843 1235 913 tamen

136 987 235 1045 ¹vanae
246 968 454 1035 nonnullorum
465 970 712 1047 declamationes,
728 967 932 1034 monarchiam
945 964 1058 1030 scilicet
1076 962 1235 1043 iucundis·

36 1093 39 1096 ’
139 1082 378 1163 εἰωοᾸῙὴειῑαῐ-ἰε
399 1103 487 1146 sensu
508 1103 625 1156 carere;
649 1084 701 1148 sed
718 1084 902 1149 verissimum
922 1101 986 1146 esse
1003 1076 1233 1152 contendimus,

140 1214 200 1258 non
218 1194 317 1260 miuus
334 1197 365 1260 iu
381 1215 492 1279 regno,
512 1218 602 1282 qnam
618 1198 648 1262 in
667 1197 855 1264 aristocratia
871 1198 920 1268 uel
939 1196 1029 1260 etiarn
1044 1190 1235 1256 democratia

140 1307 308 1372 tihertatem
334 1311 435 1393 vigere
461 1332 555 1396 posse.
583 1313 626 1391 ,Et
654 1333 692 1378 ue
711 1322 822 1377 temere
844 1312 925 1397 loqui
950 1309 1122 1381 videamur,
1146 1305 1236 1371 lohet

137 1433 277 1489 excutere
302 1425 449 1500 rationes,
483 1425 590 1509 quihus
608 1434 760 1509 tantopere
778 1425 944 1491 libertatem
963 1424 1064 1498 illam,
1087 1439 1181 1506 quant
1201 1420 1236 1483 in

76 1532 79 1543 ’
141 1538 202 1602 sola
230 1537 406 1608 monarchia
433 1530 569 1602 hahitare
598 1523 738 1620 negant,⁸
749 1538 875 1610 evehere
902 1539 1045 1621 gandent.
1067 1535 1134 1599 Cur·
1152 1532 1237 1597 enirn

142 1651 359 1716 aristocratiam
377 1661 406 1716 et
425 1652 640 1717 democratiam
659 1649 767 1743 liberos
781 1649 931 1725 ciuitates,
960 1649 1043 1735 quasi
1060 1670 1112 1734 per
1131 1648 1238 1713 excel·

141 1766 284 1840 lentiam,
309 1765 483 1849 appeliant?
506 1764 555 1831 An
572 1766 642 1851 quia
658 1767 690 1830 in
705 1766 764 1832 iltis
777 1767 856 1832 cives
867 1766 993 1853 Imperio
1005 1787 1065 1830 uon
1082 1763 1237 1851 pareant?

105 1884 107 1890 '
141 1880 200 1944 Sed
219 1890 281 1946 tarn
300 1882 332 1947 in
355 1880 458 1944 tiberis
476 1879 540 1946 istis
560 1880 791 1966 rehnspnhlicis,
816 1901 907 1965 quam
925 1882 956 1946 in
974 1902 1082 1965 regno,
1106 1890 1141 1945 ut
1157 1880 1239 1944 suh·

142 1992 266 2066 sistant,
289 1993 449 2080 Imperium
465 1993 627 2079 requiritur
642 2004 672 2058 et
689 2014 793 2061 revera
810 2004 873 2064 est:
898 2015 933 2060 er
952 2017 1010 2080 qno
1021 2005 1130 2060 tamen
1146 1993 1240 2059 simut

104 2089 107 2095 ⁸
143 2109 277 2197 proxima
292 2110 406 2174 exsistit
423 2109 557 2195 obsequii
576 2130 665 2175 cansa
683 2110 714 2186 in
734 2111 858 2180 civibus.
881 2147 922 2161 -·-
945 2111 999 2176 Vel
1021 2131 1059 2174 an
1080 2109 1182 2175 forsan
1201 2127 1254 2184 eo,

144 2222 262 2287 nornine
290 2231 433 2299 utuntur,
466 2224 538 2317 quia
565 2225 596 2289 iu
620 2225 656 2288 iis
673 2224 831 2309 Imperium
847 2224 948 2290 mitius
967 2233 1060 2309 atque
1073 2222 1241 2306 asperitate

145 2337 243 2401 miuus
265 2338 398 2401 odiosum
420 2338 482 2401 sit?
513 2337 572 2400 Sed
595 2336 651 2401 hoc
674 2337 834 2418 genuinum
858 2338 1060 2403 aristocratiae
1082 2336 1241 2418 ingenium

146 2460 191 2515 est
212 2471 386 2535 semperque
409 2436 487 2525 init,
511 2451 674 2536 opprimere
697 2472 732 2516 ac
755 2452 886 2531 justitiae
917 2454 1115 2518 intercludere
1137 2451 1239 2523 etiamr

147 2565 199 2629 sed
231 2564 306 2628 nihil
336 2564 459 2628 solutius
490 2574 541 2628 aut
571 2567 667 2648 magis
695 2564 889 2641 effrenatum,
921 2569 996 2633 nihil
1018 2565 1164 2633 audacius
1184 2574 1242 2631 aut

146 2680 242 2761 magis
263 2677 457 2754 indomitum,
482 2699 570 2766 quam
601 2680 758 2746 insolentia
786 2682 985 2746 multitudinis
1016 2683 1048 2748 in
1079 2684 1242 2748 democra-

146 2795 189 2858 tia
212 2793 259 2882 (l)
294 2830 336 2843 -
366 2791 420 2859 ver
451 2792 579 2876 denique
607 2790 646 2858 an
667 2794 734 2859 ideo
756 2796 874 2860 easdem
897 2796 1005 2861 liberas
1026 2816 1089 2861 esse
1110 2805 1240 2882 putant,

147 2908 218 2997 qnia
240 2901 278 2970 ah
300 2905 370 2990 ipsis
392 2901 634 2972 civibusciritas
656 2908 858 2988 gubernetur?
881 2909 940 2974 set
963 2910 1054 2973 etiarn
1071 2902 1244 2975 Monarcha

89 3065 92 3072 ·
146 3045 214 3109 pars
236 3032 280 3087 est
303 3021 452 3092 civitatis,
474 3029 503 3084 et
526 3043 584 3086 non
606 3020 721 3086 felicior
742 3024 817 3086 haec
840 3023 969 3100 exsistit,
993 3023 1018 3088 si
1041 3044 1059 3087 a
1080 3024 1242 3107 pluribus,
1263 3061 1268 3069 ·

147 3158 238 3223 quam
261 3137 286 3201 si
307 3135 345 3199 ab
369 3155 427 3198 uno
449 3144 581 3216 regatur.
668 3155 674 3161 ’
1021 3200 1024 3205 ,

189 3253 291 3333 Quare
313 3268 464 3336 nunquam
488 3249 665 3334 imperium,
689 3249 775 3330 cujus
793 3258 900 3315 natura
920 3259 963 3314 est
983 3224 1133 3324 henefica;
1165 3272 1243 3335 pro·

145 3377 265 3448 tegens,
297 3365 481 3450 aliorumque
514 3366 640 3428 satutem
672 3385 852 3450 procurans,
875 3388 929 3450 per
951 3387 982 3429 sc
1003 3366 1034 3430 in
1055 3365 1245 3450 reipublicae

145 3479 306 3566 perniciem
336 3477 432 3542 tendit
463 3478 529 3564 (2),
553 3479 641 3543 modo
663 3479 694 3542 in
717 3478 854 3543 omnihus
876 3481 976 3565 populi
999 3481 1079 3546 salus
1100 3501 1244 3565 suprema

146 3597 193 3659 ter
223 3591 380 3656 habeatur.
413 3593 517 3676 Neque
548 3592 670 3656 libertas
701 3612 797 3677 neque
828 3595 961 3674 tyrannis
984 3594 1062 3660 hanc
1085 3597 1132 3662 vet
1154 3596 1244 3661 ittam

146 3707 297 3792 regiminis
324 3706 451 3772 formam
474 3707 640 3774 necessario
662 3707 831 3771 comitatur.
855 3707 886 3771 Si
909 3695 987 3772 enirn
1009 3709 1087 3788 juste
1109 3719 1139 3774 et
1161 3732 1243 3796 pru-

167 3911 205 3966 (Ι)
220 3907 351 3962 Morsuso,
367 3905 391 3952 in
409 3921 447 3971 op.
465 3907 483 3953 l.
500 3902 543 3953 xl.
565 3901 609 3963 te,
628 3903 714 3977 prohat
730 3905 844 3966 civitates
855 3907 995 3975 populures,
1015 3914 1063 3957 tam
1076 3908 1255 3959 aristocratinrm

137 4014 210 4061 quarn
228 3998 416 4057 democratiam,
440 4012 488 4045 nnn
509 3999 552 4046 nisi
570 3997 693 4062 despotico
709 3997 781 4046 ruodo
797 3997 927 4060 gubernari
944 4015 1026 4063 poure,
1053 4005 1077 4048 et
1092 3998 1256 4066 proconsules

136 4089 257 4141 Romanor
273 4099 343 4141 vocat
359 4094 396 4141 tes
411 4092 499 4140 hoedus
515 4092 544 4139 dc
562 4093 587 4139 lo
603 4089 755 4154 republipue.

168 4194 206 4253 (2)
221 4193 242 4243 ΙΙ
260 4196 298 4261 u’y
314 4213 355 4262 pus
372 4196 402 4244 de
418 4196 492 4248 forme
510 4194 540 4242 de
558 4200 747 4256 gouveruement
763 4195 806 4257 qui
824 4211 866 4262 pur
883 4194 1021 4248 elle-meme
1038 4213 1099 4249 roue
1111 4212 1144 4245 nn
1156 4196 1253 4266 peuptu

135 4299 167 4334 au
183 4284 303 4361 mathone.
335 4290 358 4340 J.
376 4287 462 4355 anr,
481 4307 520 4355 op.
538 4290 554 4337 l.
573 4288 615 4341 ch.
632 4287 655 4338 3«
673 4304 698 4356 p·
717 4289 758 4339 at.

7 4802 200 4960 x...
