<?xml version="1.0" encoding="UTF-8"?>
<!DOCTYPE html PUBLIC "-//W3C//DTD XHTML 1.0 Transitional//EN"
    "http://www.w3.org/TR/xhtml1/DTD/xhtml1-transitional.dtd">
<html xmlns="http://www.w3.org/1999/xhtml" xml:lang="en" lang="en">
 <head>
  <title>
</title>
<meta http-equiv="Content-Type" content="text/html;charset=utf-8" />
  <meta name='ocr-system' content='tesseract 3.04.00' />
  <meta name='ocr-capabilities' content='ocr_page ocr_carea ocr_par ocr_line ocrx_word'/>
</head>
<body>
  <div class='ocr_page' id='page_1' title='image "./disquisitiophil00borrgoog_0146.png"; bbox 0 0 2806 5324; ppageno 0'>
   <div class='ocr_carea' id='block_1_1' title="bbox 603 357 739 447">
    <p class='ocr_par' dir='ltr' id='par_1_1' title="bbox 603 357 739 447">
     <span class='ocr_line' id='line_1_1' title="bbox 603 357 739 447; baseline 0.029 -4"><span class='ocrx_word' id='word_1_1' title='bbox 603 357 739 447; x_wconf 60' lang='grc'>’155</span> 
     </span>
    </p>
   </div>
   <div class='ocr_carea' id='block_1_2' title="bbox 138 555 1242 757">
    <p class='ocr_par' dir='ltr' id='par_1_2' title="bbox 138 555 1242 757">
     <span class='ocr_line' id='line_1_2' title="bbox 138 555 1242 642; baseline -0.002 -18"><span class='ocrx_word' id='word_1_2' title='bbox 138 566 259 625; x_wconf 86' lang='lat' dir='ltr'>natura</span> <span class='ocrx_word' id='word_1_3' title='bbox 285 555 403 640; x_wconf 89' lang='lat' dir='ltr'>Imperii</span> <span class='ocrx_word' id='word_1_4' title='bbox 430 564 472 623; x_wconf 62' lang='lat' dir='ltr'>et&#39;</span> <span class='ocrx_word' id='word_1_5' title='bbox 486 556 617 624; x_wconf 84' lang='lat' dir='ltr'>civitatis</span> <span class='ocrx_word' id='word_1_6' title='bbox 644 557 755 642; x_wconf 89' lang='lat' dir='ltr'>ubique</span> <span class='ocrx_word' id='word_1_7' title='bbox 774 577 837 623; x_wconf 87' lang='lat' dir='ltr'>esee</span> <span class='ocrx_word' id='word_1_8' title='bbox 855 557 962 631; x_wconf 82' lang='lat' dir='ltr'>dehet,</span> <span class='ocrx_word' id='word_1_9' title='bbox 979 578 1051 627; x_wconf 87' lang='lat' dir='ltr'>cum</span> <span class='ocrx_word' id='word_1_10' title='bbox 1068 557 1242 625; x_wconf 84' lang='lat' dir='ltr'>monarchia</span> 
     </span>
     <span class='ocr_line' id='line_1_3' title="bbox 141 669 1025 757; baseline 0.007 -23"><span class='ocrx_word' id='word_1_11' title='bbox 141 669 404 750; x_wconf 80' lang='lat' dir='ltr'>constitutionoli‚</span> <span class='ocrx_word' id='word_1_12' title='bbox 424 690 501 756; x_wconf 89' lang='lat' dir='ltr'>quae</span> <span class='ocrx_word' id='word_1_13' title='bbox 518 671 608 737; x_wconf 92' lang='lat' dir='ltr'>hodie</span> <span class='ocrx_word' id='word_1_14' title='bbox 628 673 755 745; x_wconf 83' lang='lat' dir='ltr'>dicitur,</span> <span class='ocrx_word' id='word_1_15' title='bbox 777 673 1025 757; x_wconf 72' lang='lat' dir='ltr'><strong>comparabimus.</strong></span> 
     </span>
    </p>
   </div>
   <div class='ocr_carea' id='block_1_3' title="bbox 141 781 1358 3391">
    <p class='ocr_par' dir='ltr' id='par_1_3' title="bbox 141 781 1358 3391">
     <span class='ocr_line' id='line_1_4' title="bbox 189 781 1242 851; baseline 0.004 -5"><span class='ocrx_word' id='word_1_16' title='bbox 189 781 309 846; x_wconf 79' lang='lat' dir='ltr'>Nostris</span> <span class='ocrx_word' id='word_1_17' title='bbox 338 781 418 846; x_wconf 90' lang='lat' dir='ltr'>enim</span> <span class='ocrx_word' id='word_1_18' title='bbox 447 781 552 846; x_wconf 84' lang='lat' dir='ltr'>diebus</span> <span class='ocrx_word' id='word_1_19' title='bbox 579 782 707 847; x_wconf 90' lang='lat' dir='ltr'>multum</span> <span class='ocrx_word' id='word_1_20' title='bbox 731 784 768 847; x_wconf 93' lang='lat' dir='ltr'>de</span> <span class='ocrx_word' id='word_1_21' title='bbox 788 782 961 848; x_wconf 85' lang='lat' dir='ltr'>monarchia</span> <span class='ocrx_word' id='word_1_22' title='bbox 980 784 1032 849; x_wconf 89' lang='lat' dir='ltr'>illa</span> <span class='ocrx_word' id='word_1_23' title='bbox 1051 786 1242 851; x_wconf 72' lang='lat' dir='ltr'>constitutio·</span> 
     </span>
     <span class='ocr_line' id='line_1_5' title="bbox 144 897 1254 987; baseline 0.003 -26"><span class='ocrx_word' id='word_1_24' title='bbox 144 897 365 980; x_wconf 31' lang='lat' dir='ltr'>nali-disputari</span> <span class='ocrx_word' id='word_1_25' title='bbox 375 908 405 963; x_wconf 90' lang='lat' dir='ltr'>et</span> <span class='ocrx_word' id='word_1_26' title='bbox 422 898 525 982; x_wconf 87' lang='lat' dir='ltr'>quaeri</span> <span class='ocrx_word' id='word_1_27' title='bbox 535 899 624 976; x_wconf 78' lang='lat' dir='ltr'>solet,</span> <span class='ocrx_word' id='word_1_28' title='bbox 643 920 736 987; x_wconf 90' lang='lat' dir='ltr'>eaque</span> <span class='ocrx_word' id='word_1_29' title='bbox 755 900 846 981; x_wconf 77' lang='lat' dir='ltr'>vulgo</span> <span class='ocrx_word' id='word_1_30' title='bbox 861 901 1047 984; x_wconf 78' lang='lat' dir='ltr'><strong>proponitur,</strong></span> <span class='ocrx_word' id='word_1_31' title='bbox 1066 901 1149 986; x_wconf 83' lang='lat' dir='ltr'>quasi</span> <span class='ocrx_word' id='word_1_32' title='bbox 1166 909 1254 965; x_wconf 83' lang='lat' dir='ltr'>esset</span> 
     </span>
     <span class='ocr_line' id='line_1_6' title="bbox 145 1012 1240 1102; baseline 0.002 -26"><span class='ocrx_word' id='word_1_33' title='bbox 145 1012 348 1077; x_wconf 80' lang='lat' dir='ltr'>recentiorum</span> <span class='ocrx_word' id='word_1_34' title='bbox 363 1021 532 1097; x_wconf 84' lang='lat' dir='ltr'>temporum</span> <span class='ocrx_word' id='word_1_35' title='bbox 547 1012 644 1079; x_wconf 81' lang='lat' dir='ltr'>foetus</span> <span class='ocrx_word' id='word_1_36' title='bbox 663 1015 805 1101; x_wconf 85' lang='lat' dir='ltr'>quidam,</span> <span class='ocrx_word' id='word_1_37' title='bbox 823 1015 875 1099; x_wconf 93' lang='lat' dir='ltr'>qui</span> <span class='ocrx_word' id='word_1_38' title='bbox 894 1035 962 1078; x_wconf 89' lang='lat' dir='ltr'>cum</span> <span class='ocrx_word' id='word_1_39' title='bbox 977 1016 1166 1102; x_wconf 87' lang='lat' dir='ltr'>antiquarum</span> <span class='ocrx_word' id='word_1_40' title='bbox 1176 1029 1240 1078; x_wconf 88' lang='lat' dir='ltr'>mo·</span> 
     </span>
     <span class='ocr_line' id='line_1_7' title="bbox 143 1125 1243 1210; baseline 0.001 -18"><span class='ocrx_word' id='word_1_41' title='bbox 143 1125 340 1192; x_wconf 88' lang='lat' dir='ltr'>narchiarum</span> <span class='ocrx_word' id='word_1_42' title='bbox 359 1128 593 1194; x_wconf 71' lang='lat' dir='ltr'>institutionibus</span> <span class='ocrx_word' id='word_1_43' title='bbox 611 1129 685 1193; x_wconf 90' lang='lat' dir='ltr'>nihil</span> <span class='ocrx_word' id='word_1_44' title='bbox 707 1149 862 1194; x_wconf 89' lang='lat' dir='ltr'>commune</span> <span class='ocrx_word' id='word_1_45' title='bbox 885 1129 1007 1196; x_wconf 87' lang='lat' dir='ltr'>habeat.</span> <span class='ocrx_word' id='word_1_46' title='bbox 1030 1129 1151 1210; x_wconf 84' lang='lat' dir='ltr'>Quanto</span> <span class='ocrx_word' id='word_1_47' title='bbox 1169 1144 1243 1196; x_wconf 79' lang='lat' dir='ltr'>reto</span> 
     </span>
     <span class='ocr_line' id='line_1_8' title="bbox 141 1230 1240 1328; baseline 0.003 -24"><span class='ocrx_word' id='word_1_48' title='bbox 141 1230 247 1305; x_wconf 82' lang='lat' dir='ltr'>errore</span> <span class='ocrx_word' id='word_1_49' title='bbox 275 1261 339 1307; x_wconf 86' lang='lat' dir='ltr'>sese</span> <span class='ocrx_word' id='word_1_50' title='bbox 367 1240 478 1307; x_wconf 90' lang='lat' dir='ltr'>abduci</span> <span class='ocrx_word' id='word_1_51' title='bbox 501 1243 669 1328; x_wconf 84' lang='lat' dir='ltr'>patiantur,</span> <span class='ocrx_word' id='word_1_52' title='bbox 697 1243 748 1328; x_wconf 89' lang='lat' dir='ltr'>qui</span> <span class='ocrx_word' id='word_1_53' title='bbox 765 1243 807 1308; x_wconf 90' lang='lat' dir='ltr'>ita</span> <span class='ocrx_word' id='word_1_54' title='bbox 826 1244 977 1320; x_wconf 84' lang='lat' dir='ltr'>sentiunt,</span> <span class='ocrx_word' id='word_1_55' title='bbox 996 1243 1056 1322; x_wconf 86' lang='lat' dir='ltr'>ianr</span> <span class='ocrx_word' id='word_1_56' title='bbox 1074 1252 1119 1309; x_wconf 90' lang='lat' dir='ltr'>est</span> <span class='ocrx_word' id='word_1_57' title='bbox 1135 1243 1240 1311; x_wconf 88' lang='lat' dir='ltr'>viden·</span> 
     </span>
     <span class='ocr_line' id='line_1_9' title="bbox 144 1347 1242 1451; baseline 0.002 -31"><span class='ocrx_word' id='word_1_58' title='bbox 144 1354 231 1420; x_wconf 64' lang='lat' dir='ltr'>duma</span> <span class='ocrx_word' id='word_1_59' title='bbox 253 1355 314 1420; x_wconf 84' lang='lat' dir='ltr'>Sed</span> <span class='ocrx_word' id='word_1_60' title='bbox 334 1367 492 1444; x_wconf 78' lang='lat' dir='ltr'>antequam</span> <span class='ocrx_word' id='word_1_61' title='bbox 511 1357 626 1440; x_wconf 80' lang='lat' dir='ltr'>lougius</span> <span class='ocrx_word' id='word_1_62' title='bbox 642 1347 865 1444; x_wconf 81' lang='lat' dir='ltr'>progrediamur</span> <span class='ocrx_word' id='word_1_63' title='bbox 876 1406 897 1442; x_wconf 18' lang='lat'>,⁸</span> <span class='ocrx_word' id='word_1_64' title='bbox 908 1360 978 1451; x_wconf 87' lang='lat' dir='ltr'>quid</span> <span class='ocrx_word' id='word_1_65' title='bbox 1000 1361 1116 1445; x_wconf 89' lang='lat' dir='ltr'>proprie</span> <span class='ocrx_word' id='word_1_66' title='bbox 1131 1355 1242 1440; x_wconf 83' lang='lat' dir='ltr'>copcli·</span> 
     </span>
     <span class='ocr_line' id='line_1_10' title="bbox 142 1468 1185 1567; baseline 0.012 -35"><span class='ocrx_word' id='word_1_67' title='bbox 142 1468 223 1536; x_wconf 73' lang='lat' dir='ltr'>lutri&gt;</span> <span class='ocrx_word' id='word_1_68' title='bbox 238 1470 400 1553; x_wconf 78' lang='lat' dir='ltr'>significet,</span> <span class='ocrx_word' id='word_1_69' title='bbox 418 1471 613 1559; x_wconf 88' lang='lat' dir='ltr'>inquiramus.</span> <span class='ocrx_word' id='word_1_70' title='bbox 1157 1491 1159 1495; x_wconf 86' lang='grc'><strong>’</strong></span> <span class='ocrx_word' id='word_1_71' title='bbox 1183 1561 1185 1567; x_wconf 18' lang='lat' dir='ltr'><strong><em>s</em></strong></span> 
     </span>
     <span class='ocr_line' id='line_1_11' title="bbox 156 1585 1240 1672; baseline 0.003 -22"><span class='ocrx_word' id='word_1_72' title='bbox 156 1631 160 1642; x_wconf 84' lang='grc'>-</span> <span class='ocrx_word' id='word_1_73' title='bbox 186 1585 272 1663; x_wconf 79' lang='lat' dir='ltr'>Olim</span> <span class='ocrx_word' id='word_1_74' title='bbox 299 1587 422 1672; x_wconf 91' lang='lat' dir='ltr'>quidem</span> <span class='ocrx_word' id='word_1_75' title='bbox 450 1607 509 1672; x_wconf 90' lang='lat' dir='ltr'>per·</span> <span class='ocrx_word' id='word_1_76' title='bbox 530 1587 770 1654; x_wconf 78' lang='lat' dir='ltr'>constitutionem</span> <span class='ocrx_word' id='word_1_77' title='bbox 799 1587 842 1672; x_wconf 89' lang='lat' dir='ltr'>(et</span> <span class='ocrx_word' id='word_1_78' title='bbox 870 1587 945 1653; x_wconf 85' lang='lat' dir='ltr'>haee</span> <span class='ocrx_word' id='word_1_79' title='bbox 972 1607 1043 1654; x_wconf 83' lang='lat' dir='ltr'>vera</span> <span class='ocrx_word' id='word_1_80' title='bbox 1062 1587 1240 1672; x_wconf 87' lang='lat' dir='ltr'>propriaque</span> 
     </span>
     <span class='ocr_line' id='line_1_12' title="bbox 141 1699 1241 1786; baseline 0.001 -19"><span class='ocrx_word' id='word_1_81' title='bbox 141 1699 289 1768; x_wconf 83' lang='lat' dir='ltr'>vocabuli</span> <span class='ocrx_word' id='word_1_82' title='bbox 315 1700 491 1783; x_wconf 81' lang='lat' dir='ltr'>significatio</span> <span class='ocrx_word' id='word_1_83' title='bbox 516 1704 590 1786; x_wconf 82' lang='lat' dir='ltr'>est),</span> <span class='ocrx_word' id='word_1_84' title='bbox 617 1702 840 1783; x_wconf 83' lang='lat' dir='ltr'>intelligebatur</span> <span class='ocrx_word' id='word_1_85' title='bbox 859 1702 955 1768; x_wconf 80' lang='lat' dir='ltr'>forma</span> <span class='ocrx_word' id='word_1_86' title='bbox 977 1701 1241 1768; x_wconf 75' lang='lat' dir='ltr'>administrationis</span> 
     </span>
     <span class='ocr_line' id='line_1_13' title="bbox 142 1815 1240 1904; baseline 0.003 -25"><span class='ocrx_word' id='word_1_87' title='bbox 142 1815 177 1883; x_wconf 84' lang='lat' dir='ltr'>ln</span> <span class='ocrx_word' id='word_1_88' title='bbox 197 1815 319 1882; x_wconf 87' lang='lat' dir='ltr'>civitate</span> <span class='ocrx_word' id='word_1_89' title='bbox 335 1816 443 1884; x_wconf 88' lang='lat' dir='ltr'>sensim</span> <span class='ocrx_word' id='word_1_90' title='bbox 458 1816 627 1902; x_wconf 79' lang='lat' dir='ltr'>seboimque</span> <span class='ocrx_word' id='word_1_91' title='bbox 645 1817 828 1894; x_wconf 83' lang='lat' dir='ltr'>introducta,</span> <span class='ocrx_word' id='word_1_92' title='bbox 849 1827 1131 1904; x_wconf 86' lang='lat' dir='ltr'>etspontareoepta;</span> <span class='ocrx_word' id='word_1_93' title='bbox 1142 1817 1240 1883; x_wconf 80' lang='lat' dir='ltr'>torma</span> 
     </span>
     <span class='ocr_line' id='line_1_14' title="bbox 143 1927 1237 2013; baseline -0.005 -17"><span class='ocrx_word' id='word_1_94' title='bbox 143 1951 188 1996; x_wconf 84' lang='lat' dir='ltr'>sc.</span> <span class='ocrx_word' id='word_1_95' title='bbox 217 1929 383 1995; x_wconf 86' lang='lat' dir='ltr'>secuudum</span> <span class='ocrx_word' id='word_1_96' title='bbox 409 1946 500 2010; x_wconf 88' lang='lat' dir='ltr'>quam</span> <span class='ocrx_word' id='word_1_97' title='bbox 524 1929 625 2010; x_wconf 82' lang='lat' dir='ltr'>Reges</span> <span class='ocrx_word' id='word_1_98' title='bbox 653 1927 812 2013; x_wconf 82' lang='lat' dir='ltr'>Imperium</span> <span class='ocrx_word' id='word_1_99' title='bbox 834 1927 864 1993; x_wconf 90' lang='lat' dir='ltr'>in</span> <span class='ocrx_word' id='word_1_100' title='bbox 882 1929 1023 2013; x_wconf 89' lang='lat' dir='ltr'>populum</span> <span class='ocrx_word' id='word_1_101' title='bbox 1042 1929 1237 2000; x_wconf 85' lang='lat' dir='ltr'>exercebant.</span> 
     </span>
     <span class='ocr_line' id='line_1_15' title="bbox 141 2041 1241 2136; baseline 0.001 -28"><span class='ocrx_word' id='word_1_102' title='bbox 141 2045 189 2120; x_wconf 83' lang='lat' dir='ltr'>ita</span> <span class='ocrx_word' id='word_1_103' title='bbox 216 2053 251 2108; x_wconf 92' lang='lat' dir='ltr'>ut</span> <span class='ocrx_word' id='word_1_104' title='bbox 266 2043 390 2128; x_wconf 84' lang='lat' dir='ltr'>proinde</span> <span class='ocrx_word' id='word_1_105' title='bbox 407 2041 525 2128; x_wconf 89' lang='lat' dir='ltr'>Imperii</span> <span class='ocrx_word' id='word_1_106' title='bbox 543 2041 683 2108; x_wconf 82' lang='lat' dir='ltr'>exercitio</span> <span class='ocrx_word' id='word_1_107' title='bbox 707 2041 964 2109; x_wconf 84' lang='lat' dir='ltr'>determinaretur.</span> <span class='ocrx_word' id='word_1_108' title='bbox 992 2041 1099 2136; x_wconf 87' lang='lat' dir='ltr'>Neque</span> <span class='ocrx_word' id='word_1_109' title='bbox 1116 2064 1152 2107; x_wconf 87' lang='lat' dir='ltr'>ea</span> <span class='ocrx_word' id='word_1_110' title='bbox 1169 2064 1241 2109; x_wconf 91' lang='lat' dir='ltr'>cou-</span> 
     </span>
     <span class='ocr_line' id='line_1_16' title="bbox 143 2156 1240 2243; baseline -0.003 -20"><span class='ocrx_word' id='word_1_111' title='bbox 143 2158 262 2223; x_wconf 88' lang='lat' dir='ltr'>stitutio</span> <span class='ocrx_word' id='word_1_112' title='bbox 280 2168 343 2224; x_wconf 89' lang='lat' dir='ltr'>erat</span> <span class='ocrx_word' id='word_1_113' title='bbox 362 2159 409 2223; x_wconf 85' lang='lat' dir='ltr'>lex</span> <span class='ocrx_word' id='word_1_114' title='bbox 428 2157 579 2243; x_wconf 85' lang='lat' dir='ltr'>quaedem</span> <span class='ocrx_word' id='word_1_115' title='bbox 597 2158 724 2241; x_wconf 84' lang='lat' dir='ltr'>scripta,</span> <span class='ocrx_word' id='word_1_116' title='bbox 750 2157 802 2223; x_wconf 81' lang='lat' dir='ltr'>ced</span> <span class='ocrx_word' id='word_1_117' title='bbox 819 2156 902 2225; x_wconf 81' lang='lat' dir='ltr'>velut</span> <span class='ocrx_word' id='word_1_118' title='bbox 918 2165 1050 2241; x_wconf 89' lang='lat' dir='ltr'>tempore</span> <span class='ocrx_word' id='word_1_119' title='bbox 1067 2164 1097 2220; x_wconf 90' lang='lat' dir='ltr'>et</span> <span class='ocrx_word' id='word_1_120' title='bbox 1108 2157 1240 2222; x_wconf 84' lang='lat' dir='ltr'>diversa-</span> 
     </span>
     <span class='ocr_line' id='line_1_17' title="bbox 145 2271 1358 2362; baseline -0.003 -24"><span class='ocrx_word' id='word_1_121' title='bbox 145 2293 215 2338; x_wconf 88' lang='lat' dir='ltr'>rum</span> <span class='ocrx_word' id='word_1_122' title='bbox 230 2292 317 2356; x_wconf 89' lang='lat' dir='ltr'>saepe</span> <span class='ocrx_word' id='word_1_123' title='bbox 334 2291 434 2336; x_wconf 91' lang='lat' dir='ltr'>rerum</span> <span class='ocrx_word' id='word_1_124' title='bbox 453 2272 729 2355; x_wconf 88' lang='lat' dir='ltr'>momentorumque</span> <span class='ocrx_word' id='word_1_125' title='bbox 741 2279 887 2338; x_wconf 83' lang='lat' dir='ltr'>concursu</span> <span class='ocrx_word' id='word_1_126' title='bbox 904 2280 975 2336; x_wconf 89' lang='lat' dir='ltr'>nata</span> <span class='ocrx_word' id='word_1_127' title='bbox 986 2271 1049 2340; x_wconf 85' lang='lat' dir='ltr'>cive</span> <span class='ocrx_word' id='word_1_128' title='bbox 1058 2271 1240 2338; x_wconf 88' lang='lat' dir='ltr'>introducta.</span> <span class='ocrx_word' id='word_1_129' title='bbox 1356 2351 1358 2362; x_wconf 37' lang='grc' dir='ltr'>Ι</span> 
     </span>
     <span class='ocr_line' id='line_1_18' title="bbox 145 2370 1240 2479; baseline -0.001 -26"><span class='ocrx_word' id='word_1_130' title='bbox 145 2388 188 2453; x_wconf 88' lang='lat' dir='ltr'>Et</span> <span class='ocrx_word' id='word_1_131' title='bbox 204 2386 341 2472; x_wconf 86' lang='lat' dir='ltr'>quamvis</span> <span class='ocrx_word' id='word_1_132' title='bbox 359 2386 441 2451; x_wconf 88' lang='lat' dir='ltr'>nulla</span> <span class='ocrx_word' id='word_1_133' title='bbox 458 2387 590 2454; x_wconf 79' lang='lat' dir='ltr'>civitatis</span> <span class='ocrx_word' id='word_1_134' title='bbox 606 2387 717 2479; x_wconf 79' lang='lat' dir='ltr'>species</span> <span class='ocrx_word' id='word_1_135' title='bbox 734 2388 764 2451; x_wconf 90' lang='lat' dir='ltr'>in</span> <span class='ocrx_word' id='word_1_136' title='bbox 782 2387 854 2452; x_wconf 88' lang='lat' dir='ltr'>orbe</span> <span class='ocrx_word' id='word_1_137' title='bbox 865 2370 1147 2461; x_wconf 73' lang='lat' dir='ltr'>remarcuerunt,</span> <span class='ocrx_word' id='word_1_138' title='bbox 1162 2407 1240 2472; x_wconf 90' lang='lat' dir='ltr'>quac</span> 
     </span>
     <span class='ocr_line' id='line_1_19' title="bbox 146 2475 1238 2586; baseline 0 -19"><span class='ocrx_word' id='word_1_139' title='bbox 146 2524 208 2568; x_wconf 90' lang='lat' dir='ltr'>nou</span> <span class='ocrx_word' id='word_1_140' title='bbox 226 2510 307 2566; x_wconf 89' lang='lat' dir='ltr'>certo</span> <span class='ocrx_word' id='word_1_141' title='bbox 323 2522 414 2568; x_wconf 84' lang='lat' dir='ltr'>seusu</span> <span class='ocrx_word' id='word_1_142' title='bbox 422 2475 572 2586; x_wconf 53' lang='lat' dir='ltr'>⁸certaque</span> <span class='ocrx_word' id='word_1_143' title='bbox 586 2501 667 2568; x_wconf 82' lang='lat' dir='ltr'>uocis</span> <span class='ocrx_word' id='word_1_144' title='bbox 677 2501 847 2585; x_wconf 86' lang='lat' dir='ltr'>acceptione</span> <span class='ocrx_word' id='word_1_145' title='bbox 860 2490 1101 2568; x_wconf 84' lang='lat' dir='ltr'>constitutionem</span> <span class='ocrx_word' id='word_1_146' title='bbox 1112 2502 1238 2578; x_wconf 83' lang='lat' dir='ltr'>habeat,</span> 
     </span>
     <span class='ocr_line' id='line_1_20' title="bbox 147 2614 1252 2701; baseline 0.003 -22"><span class='ocrx_word' id='word_1_147' title='bbox 147 2615 180 2682; x_wconf 95' lang='lat' dir='ltr'>id</span> <span class='ocrx_word' id='word_1_148' title='bbox 193 2616 588 2700; x_wconf 82' lang='lat' dir='ltr'>ect‚quaenoueecundum</span> <span class='ocrx_word' id='word_1_149' title='bbox 604 2614 749 2688; x_wconf 80' lang='lat' dir='ltr'>formam,</span> <span class='ocrx_word' id='word_1_150' title='bbox 771 2636 849 2699; x_wconf 89' lang='lat' dir='ltr'>quae</span> <span class='ocrx_word' id='word_1_151' title='bbox 867 2618 1012 2701; x_wconf 87' lang='lat' dir='ltr'>paulatim</span> <span class='ocrx_word' id='word_1_152' title='bbox 1032 2617 1073 2686; x_wconf 87' lang='lat' dir='ltr'>ibi</span> <span class='ocrx_word' id='word_1_153' title='bbox 1085 2618 1252 2695; x_wconf 64' lang='lat' dir='ltr'>vinvaluit,¹</span> 
     </span>
     <span class='ocr_line' id='line_1_21' title="bbox 147 2729 1240 2817; baseline 0.001 -22"><span class='ocrx_word' id='word_1_154' title='bbox 147 2742 271 2812; x_wconf 81' lang='lat' dir='ltr'>regatur</span> <span class='ocrx_word' id='word_1_155' title='bbox 298 2751 333 2796; x_wconf 89' lang='lat' dir='ltr'>ac</span> <span class='ocrx_word' id='word_1_156' title='bbox 359 2729 521 2811; x_wconf 77' lang='lat' dir='ltr'>dirigatur,</span> <span class='ocrx_word' id='word_1_157' title='bbox 551 2738 683 2795; x_wconf 89' lang='lat' dir='ltr'>attamen</span> <span class='ocrx_word' id='word_1_158' title='bbox 708 2729 882 2796; x_wconf 84' lang='lat' dir='ltr'>monarchia</span> <span class='ocrx_word' id='word_1_159' title='bbox 907 2736 1014 2797; x_wconf 80' lang='lat' dir='ltr'>omues</span> <span class='ocrx_word' id='word_1_160' title='bbox 1029 2731 1103 2796; x_wconf 87' lang='lat' dir='ltr'>alias</span> <span class='ocrx_word' id='word_1_161' title='bbox 1122 2731 1240 2817; x_wconf 86' lang='lat' dir='ltr'>Imperii</span> 
     </span>
     <span class='ocr_line' id='line_1_22' title="bbox 147 2844 1322 2930; baseline 0.003 -21"><span class='ocrx_word' id='word_1_162' title='bbox 147 2845 261 2909; x_wconf 82' lang='lat' dir='ltr'>formas</span> <span class='ocrx_word' id='word_1_163' title='bbox 288 2853 412 2911; x_wconf 89' lang='lat' dir='ltr'>eatenus</span> <span class='ocrx_word' id='word_1_164' title='bbox 423 2853 576 2930; x_wconf 70' lang='lat' dir='ltr'>cuperat,</span> <span class='ocrx_word' id='word_1_165' title='bbox 604 2847 686 2930; x_wconf 90' lang='lat' dir='ltr'>quod</span> <span class='ocrx_word' id='word_1_166' title='bbox 716 2844 755 2909; x_wconf 89' lang='lat' dir='ltr'>ab</span> <span class='ocrx_word' id='word_1_167' title='bbox 784 2846 846 2930; x_wconf 86' lang='lat' dir='ltr'>ipsa</span> <span class='ocrx_word' id='word_1_168' title='bbox 872 2855 979 2911; x_wconf 88' lang='lat' dir='ltr'>natura</span> <span class='ocrx_word' id='word_1_169' title='bbox 999 2846 1242 2913; x_wconf 87' lang='lat' dir='ltr'>constitutionem</span> <span class='ocrx_word' id='word_1_170' title='bbox 1319 2877 1322 2884; x_wconf 49' lang='lat'><strong><em>¹</em></strong></span> 
     </span>
     <span class='ocr_line' id='line_1_23' title="bbox 147 2958 1240 3044; baseline 0 -20"><span class='ocrx_word' id='word_1_171' title='bbox 147 2959 280 3033; x_wconf 82' lang='lat' dir='ltr'>habeat,</span> <span class='ocrx_word' id='word_1_172' title='bbox 312 2958 428 3024; x_wconf 86' lang='lat' dir='ltr'>firmam</span> <span class='ocrx_word' id='word_1_173' title='bbox 456 2969 554 3044; x_wconf 87' lang='lat' dir='ltr'>atque</span> <span class='ocrx_word' id='word_1_174' title='bbox 573 2960 800 3035; x_wconf 84' lang='lat' dir='ltr'>immutabilem.</span> <span class='ocrx_word' id='word_1_175' title='bbox 832 2960 947 3027; x_wconf 88' lang='lat' dir='ltr'>Nititur</span> <span class='ocrx_word' id='word_1_176' title='bbox 967 2959 1046 3024; x_wconf 89' lang='lat' dir='ltr'>enim</span> <span class='ocrx_word' id='word_1_177' title='bbox 1065 2961 1240 3025; x_wconf 90' lang='lat' dir='ltr'>monarchia</span> 
     </span>
     <span class='ocr_line' id='line_1_24' title="bbox 148 3073 1240 3169; baseline 0 -29"><span class='ocrx_word' id='word_1_178' title='bbox 148 3073 238 3140; x_wconf 86' lang='lat' dir='ltr'>certis</span> <span class='ocrx_word' id='word_1_179' title='bbox 261 3074 376 3154; x_wconf 82' lang='lat' dir='ltr'>legibus</span> <span class='ocrx_word' id='word_1_180' title='bbox 393 3073 683 3151; x_wconf 83' lang='lat' dir='ltr'>fundamentalibus,</span> <span class='ocrx_word' id='word_1_181' title='bbox 705 3095 783 3159; x_wconf 92' lang='lat' dir='ltr'>quae</span> <span class='ocrx_word' id='word_1_182' title='bbox 801 3096 837 3140; x_wconf 85' lang='lat' dir='ltr'>er</span> <span class='ocrx_word' id='word_1_183' title='bbox 854 3076 917 3160; x_wconf 90' lang='lat' dir='ltr'>ipsa</span> <span class='ocrx_word' id='word_1_184' title='bbox 937 3096 1036 3141; x_wconf 90' lang='lat' dir='ltr'>rerum</span> <span class='ocrx_word' id='word_1_185' title='bbox 1054 3085 1162 3169; x_wconf 81' lang='lat' dir='ltr'>natura</span> <span class='ocrx_word' id='word_1_186' title='bbox 1183 3077 1240 3140; x_wconf 83' lang='lat' dir='ltr'>de-</span> 
     </span>
     <span class='ocr_line' id='line_1_25' title="bbox 146 3189 1241 3274; baseline 0.004 -22"><span class='ocrx_word' id='word_1_187' title='bbox 146 3189 303 3261; x_wconf 75' lang='lat' dir='ltr'>rimetur,</span> <span class='ocrx_word' id='word_1_188' title='bbox 332 3208 468 3272; x_wconf 85' lang='lat' dir='ltr'>quasque¹</span> <span class='ocrx_word' id='word_1_189' title='bbox 491 3189 652 3274; x_wconf 88' lang='lat' dir='ltr'>praeterire</span> <span class='ocrx_word' id='word_1_190' title='bbox 683 3209 742 3255; x_wconf 91' lang='lat' dir='ltr'>non</span> <span class='ocrx_word' id='word_1_191' title='bbox 766 3190 859 3264; x_wconf 82' lang='lat' dir='ltr'>licet,</span> <span class='ocrx_word' id='word_1_192' title='bbox 895 3191 969 3274; x_wconf 87' lang='lat' dir='ltr'>quin</span> <span class='ocrx_word' id='word_1_193' title='bbox 994 3211 1081 3255; x_wconf 90' lang='lat' dir='ltr'>omne</span> <span class='ocrx_word' id='word_1_194' title='bbox 1111 3191 1241 3256; x_wconf 84' lang='lat' dir='ltr'>civitatis</span> 
     </span>
     <span class='ocr_line' id='line_1_26' title="bbox 149 3302 1241 3391; baseline -0.001 -21"><span class='ocrx_word' id='word_1_195' title='bbox 149 3305 320 3370; x_wconf 88' lang='lat' dir='ltr'>aedificium</span> <span class='ocrx_word' id='word_1_196' title='bbox 337 3314 474 3379; x_wconf 86' lang='lat' dir='ltr'>corruat,</span> <span class='ocrx_word' id='word_1_197' title='bbox 495 3324 592 3391; x_wconf 87' lang='lat' dir='ltr'>neque</span> <span class='ocrx_word' id='word_1_198' title='bbox 610 3305 737 3389; x_wconf 87' lang='lat' dir='ltr'>amplius</span> <span class='ocrx_word' id='word_1_199' title='bbox 756 3302 929 3368; x_wconf 87' lang='lat' dir='ltr'>monarchia</span> <span class='ocrx_word' id='word_1_200' title='bbox 939 3353 952 3389; x_wconf 34' lang='grc'>,,</span> <span class='ocrx_word' id='word_1_201' title='bbox 968 3305 1020 3377; x_wconf 84' lang='lat' dir='ltr'>sed</span> <span class='ocrx_word' id='word_1_202' title='bbox 1042 3305 1175 3384; x_wconf 81' lang='lat' dir='ltr'>tyrannio</span> <span class='ocrx_word' id='word_1_203' title='bbox 1192 3306 1241 3379; x_wconf 81' lang='lat' dir='ltr'>vel</span> 
     </span>
    </p>
   </div>
   <div class='ocr_carea' id='block_1_4' title="bbox 147 3417 1338 3620">
    <p class='ocr_par' dir='ltr' id='par_1_4' title="bbox 147 3417 1338 3620">
     <span class='ocr_line' id='line_1_27' title="bbox 148 3417 1240 3504; baseline -0.001 -20"><span class='ocrx_word' id='word_1_204' title='bbox 148 3421 255 3484; x_wconf 88' lang='lat' dir='ltr'>saltem</span> <span class='ocrx_word' id='word_1_205' title='bbox 276 3417 468 3504; x_wconf 77' lang='lat' dir='ltr'>despolientur</span> <span class='ocrx_word' id='word_1_206' title='bbox 489 3417 646 3486; x_wconf 88' lang='lat' dir='ltr'>habeatur.</span> <span class='ocrx_word' id='word_1_207' title='bbox 668 3417 712 3483; x_wconf 80' lang='lat' dir='ltr'>Er</span> <span class='ocrx_word' id='word_1_208' title='bbox 731 3418 794 3502; x_wconf 86' lang='lat' dir='ltr'>ipsa</span> <span class='ocrx_word' id='word_1_209' title='bbox 812 3419 902 3501; x_wconf 84' lang='lat' dir='ltr'>igitur</span> <span class='ocrx_word' id='word_1_210' title='bbox 920 3427 1027 3483; x_wconf 89' lang='lat' dir='ltr'>natura</span> <span class='ocrx_word' id='word_1_211' title='bbox 1047 3418 1240 3484; x_wconf 88' lang='lat' dir='ltr'>monarchiae</span> 
     </span>
     <span class='ocr_line' id='line_1_28' title="bbox 147 3526 1338 3620; baseline -0.008 -20"><span class='ocrx_word' id='word_1_212' title='bbox 147 3536 310 3620; x_wconf 90' lang='lat' dir='ltr'>Imperium</span> <span class='ocrx_word' id='word_1_213' title='bbox 346 3533 411 3612; x_wconf 80' lang='lat' dir='ltr'>ejus</span> <span class='ocrx_word' id='word_1_214' title='bbox 442 3530 530 3596; x_wconf 90' lang='lat' dir='ltr'>certis</span> <span class='ocrx_word' id='word_1_215' title='bbox 556 3528 659 3595; x_wconf 78' lang='lat' dir='ltr'>formis</span> <span class='ocrx_word' id='word_1_216' title='bbox 684 3526 849 3616; x_wconf 87' lang='lat' dir='ltr'>necessario</span> <span class='ocrx_word' id='word_1_217' title='bbox 873 3535 1070 3613; x_wconf 85' lang='lat' dir='ltr'>temperatur,</span> <span class='ocrx_word' id='word_1_218' title='bbox 1100 3527 1239 3613; x_wconf 90' lang='lat' dir='ltr'>illiusque</span> <span class='ocrx_word' id='word_1_219' title='bbox 1333 3532 1338 3544; x_wconf 85' lang='lat'>&#39;</span> 
     </span>
    </p>
   </div>
   <div class='ocr_carea' id='block_1_5' title="bbox 144 3642 1352 4437">
    <p class='ocr_par' dir='ltr' id='par_1_5' title="bbox 145 3642 1288 3844">
     <span class='ocr_line' id='line_1_29' title="bbox 147 3642 1288 3735; baseline -0.005 -21"><span class='ocrx_word' id='word_1_220' title='bbox 147 3650 322 3716; x_wconf 84' lang='lat' dir='ltr'>exercitium</span> <span class='ocrx_word' id='word_1_221' title='bbox 344 3657 426 3714; x_wconf 88' lang='lat' dir='ltr'>certo</span> <span class='ocrx_word' id='word_1_222' title='bbox 442 3646 532 3710; x_wconf 92' lang='lat' dir='ltr'>modo</span> <span class='ocrx_word' id='word_1_223' title='bbox 551 3643 765 3709; x_wconf 86' lang='lat' dir='ltr'>determinatur</span> <span class='ocrx_word' id='word_1_224' title='bbox 777 3654 836 3735; x_wconf 20' lang='lat' dir='ltr'>‚vet</span> <span class='ocrx_word' id='word_1_225' title='bbox 855 3642 918 3709; x_wconf 89' lang='lat' dir='ltr'>sine</span> <span class='ocrx_word' id='word_1_226' title='bbox 938 3642 1166 3709; x_wconf 87' lang='lat' dir='ltr'>limitationibuc</span> <span class='ocrx_word' id='word_1_227' title='bbox 1181 3642 1242 3709; x_wconf 85' lang='lat' dir='ltr'>illic</span> <span class='ocrx_word' id='word_1_228' title='bbox 1285 3668 1288 3677; x_wconf 85' lang='lat'><strong>·</strong></span> 
     </span>
     <span class='ocr_line' id='line_1_30' title="bbox 145 3749 1240 3844; baseline -0.004 -16"><span class='ocrx_word' id='word_1_229' title='bbox 145 3764 336 3831; x_wconf 81' lang='lat' dir='ltr'>naturalibus</span> <span class='ocrx_word' id='word_1_230' title='bbox 353 3760 528 3826; x_wconf 83' lang='lat' dir='ltr'>monarchia</span> <span class='ocrx_word' id='word_1_231' title='bbox 545 3781 662 3844; x_wconf 80' lang='lat' dir='ltr'>prorsus</span> <span class='ocrx_word' id='word_1_232' title='bbox 680 3749 962 3844; x_wconf 59' lang='lat' dir='ltr'>excogitari&#39;nequit.</span> <span class='ocrx_word' id='word_1_233' title='bbox 973 3758 1240 3844; x_wconf 79' lang='lat' dir='ltr'>sufficienterquo·</span> 
     </span>
    </p>

    <p class='ocr_par' dir='ltr' id='par_1_6' title="bbox 144 3873 1352 4437">
     <span class='ocr_line' id='line_1_31' title="bbox 147 3873 1275 3967; baseline -0.003 -20"><span class='ocrx_word' id='word_1_234' title='bbox 147 3900 225 3967; x_wconf 86' lang='lat' dir='ltr'>que,</span> <span class='ocrx_word' id='word_1_235' title='bbox 254 3889 288 3944; x_wconf 92' lang='lat' dir='ltr'>ut</span> <span class='ocrx_word' id='word_1_236' title='bbox 315 3878 459 3965; x_wconf 70' lang='lat' dir='ltr'>principia</span> <span class='ocrx_word' id='word_1_237' title='bbox 483 3896 520 3940; x_wconf 89' lang='lat' dir='ltr'>en</span> <span class='ocrx_word' id='word_1_238' title='bbox 537 3873 740 3960; x_wconf 88' lang='lat' dir='ltr'>philosophica</span> <span class='ocrx_word' id='word_1_239' title='bbox 759 3893 831 3938; x_wconf 86' lang='lat' dir='ltr'>vera</span> <span class='ocrx_word' id='word_1_240' title='bbox 850 3895 914 3940; x_wconf 83' lang='lat' dir='ltr'>esce</span> <span class='ocrx_word' id='word_1_241' title='bbox 933 3875 1081 3944; x_wconf 86' lang='lat' dir='ltr'>laetorum</span> <span class='ocrx_word' id='word_1_242' title='bbox 1099 3878 1240 3965; x_wconf 80' lang='lat' dir='ltr'>exemplis</span> <span class='ocrx_word' id='word_1_243' title='bbox 1257 3905 1275 3958; x_wconf 70' lang='lat' dir='ltr'><em>j</em></span> 
     </span>
     <span class='ocr_line' id='line_1_32' title="bbox 144 3976 1340 4081; baseline -0.004 -18"><span class='ocrx_word' id='word_1_244' title='bbox 144 3995 356 4081; x_wconf 84' lang='lat' dir='ltr'>probaremus,</span> <span class='ocrx_word' id='word_1_245' title='bbox 375 3991 570 4062; x_wconf 85' lang='lat' dir='ltr'>tradidimus,</span> <span class='ocrx_word' id='word_1_246' title='bbox 592 3989 750 4074; x_wconf 90' lang='lat' dir='ltr'>Imperium</span> <span class='ocrx_word' id='word_1_247' title='bbox 767 3989 859 4055; x_wconf 89' lang='lat' dir='ltr'>etiam</span> <span class='ocrx_word' id='word_1_248' title='bbox 875 3992 1004 4075; x_wconf 89' lang='lat' dir='ltr'>ipeomm</span> <span class='ocrx_word' id='word_1_249' title='bbox 1022 3976 1240 4073; x_wconf 80' lang='lat' dir='ltr'>RegumFran·</span> <span class='ocrx_word' id='word_1_250' title='bbox 1338 4000 1340 4008; x_wconf 85' lang='lat'>&#39;</span> 
     </span>
     <span class='ocr_line' id='line_1_33' title="bbox 145 4104 1352 4194; baseline 0.001 -21"><span class='ocrx_word' id='word_1_251' title='bbox 145 4109 366 4194; x_wconf 87' lang='lat' dir='ltr'>ciae‚quorum</span> <span class='ocrx_word' id='word_1_252' title='bbox 377 4104 683 4173; x_wconf 84' lang='lat' dir='ltr'>auctoritasomnibue</span> <span class='ocrx_word' id='word_1_253' title='bbox 693 4105 827 4188; x_wconf 84' lang='lat' dir='ltr'>Regibus</span> <span class='ocrx_word' id='word_1_254' title='bbox 838 4106 868 4170; x_wconf 93' lang='lat' dir='ltr'>in</span> <span class='ocrx_word' id='word_1_255' title='bbox 880 4106 998 4192; x_wconf 85' lang='lat' dir='ltr'>Europa</span> <span class='ocrx_word' id='word_1_256' title='bbox 1006 4107 1138 4191; x_wconf 85' lang='lat' dir='ltr'>superior</span> <span class='ocrx_word' id='word_1_257' title='bbox 1149 4107 1240 4174; x_wconf 78' lang='lat' dir='ltr'>tuisse</span> <span class='ocrx_word' id='word_1_258' title='bbox 1349 4167 1352 4182; x_wconf 87' lang='grc'>,</span> 
     </span>
     <span class='ocr_line' id='line_1_34' title="bbox 144 4220 1302 4307; baseline 0.002 -20"><span class='ocrx_word' id='word_1_259' title='bbox 144 4221 259 4295; x_wconf 79' lang='lat' dir='ltr'>fertur,</span> <span class='ocrx_word' id='word_1_260' title='bbox 283 4220 399 4305; x_wconf 82' lang='lat' dir='ltr'>legibus</span> <span class='ocrx_word' id='word_1_261' title='bbox 417 4221 475 4289; x_wconf 84' lang='lat' dir='ltr'>illis</span> <span class='ocrx_word' id='word_1_262' title='bbox 502 4220 777 4292; x_wconf 80' lang='lat' dir='ltr'>fundamentalibus</span> <span class='ocrx_word' id='word_1_263' title='bbox 799 4221 894 4290; x_wconf 77' lang='lat' dir='ltr'>luisse</span> <span class='ocrx_word' id='word_1_264' title='bbox 920 4231 1117 4307; x_wconf 86' lang='lat' dir='ltr'>temperatum</span> <span class='ocrx_word' id='word_1_265' title='bbox 1149 4231 1240 4307; x_wconf 86' lang='lat' dir='ltr'>atque</span> <span class='ocrx_word' id='word_1_266' title='bbox 1295 4220 1302 4235; x_wconf 50' lang='lat'>³</span> 
     </span>
     <span class='ocr_line' id='line_1_35' title="bbox 144 4336 1260 4437; baseline 0.006 -36"><span class='ocrx_word' id='word_1_267' title='bbox 144 4336 319 4405; x_wconf 84' lang='lat' dir='ltr'>limitatum.</span> <span class='ocrx_word' id='word_1_268' title='bbox 339 4337 411 4407; x_wconf 81' lang='lat' dir='ltr'>Seio</span> <span class='ocrx_word' id='word_1_269' title='bbox 429 4338 550 4424; x_wconf 83' lang='lat' dir='ltr'>quidem</span> <span class='ocrx_word' id='word_1_270' title='bbox 569 4360 587 4408; x_wconf 88' lang='lat' dir='ltr'>a</span> <span class='ocrx_word' id='word_1_271' title='bbox 605 4337 753 4409; x_wconf 83' lang='lat' dir='ltr'>nonnullis</span> <span class='ocrx_word' id='word_1_272' title='bbox 769 4348 942 4426; x_wconf 84' lang='lat' dir='ltr'>perperam,</span> <span class='ocrx_word' id='word_1_273' title='bbox 964 4336 1260 4437; x_wconf 72' lang='lat' dir='ltr'>quemvhpenina-j</span> 
     </span>
    </p>
   </div>
   <div class='ocr_carea' id='block_1_6' title="bbox 1169 4784 1380 5012">
    <p class='ocr_par' dir='ltr' id='par_1_7' title="bbox 1169 4784 1380 5012">
     <span class='ocr_line' id='line_1_36' title="bbox 1169 4784 1380 5012; baseline 0 -153"><span class='ocrx_word' id='word_1_274' title='bbox 1169 4784 1380 5012; x_wconf 50' lang='grc' dir='ltr'><strong><em>Δ</em></strong></span> 
     </span>
    </p>
   </div>
   <div class='ocr_carea' id='block_1_7' title="bbox 0 0 1410 5324">
    <p class='ocr_par' dir='ltr' id='par_1_8' title="bbox 0 0 1410 5324">
     <span class='ocr_line' id='line_1_37' title="bbox 0 0 1410 5324; baseline 0 0"><span class='ocrx_word' id='word_1_275' title='bbox 0 0 1410 5324; x_wconf 95' lang='lat' dir='ltr'> </span> 
     </span>
    </p>
   </div>
  </div>
 </body>
</html>
