2806 5324
669 392 752 468 124

173 585 269 642 tatum
283 579 410 644 Tolosae
427 579 516 644 titulo
535 578 737 658 indicaturum
756 582 870 666 Regem
888 581 920 647 in
935 602 992 646 cua
1009 580 1176 665 Aulo-(l).
1208 575 1270 644 At·

172 712 231 778 que
245 693 317 759 alibi
333 695 423 759 etiam
445 693 627 771 Consilium,
647 696 796 788 Magnum
806 693 986 771 Consilium,
1008 694 1173 765 Commune
1183 693 1269 764 Gon·

173 803 274 871 silicou
301 809 477 894 appellatur.
505 810 606 876 Medio
632 811 762 885 tandem·
779 812 900 876 saeculo
916 811 1137 889 decimotertio
1156 829 1266 875 nomen

173 917 366 987 Pariumeuti
390 924 522 1011 accepit,
550 924 629 1011 quod
658 924 766 991 deind'e
793 925 924 991 retinuit.
948 927 1078 1011 Eratque
1096 924 1183 991 initio
1200 938 1266 987 anr-

172 1033 375 1127 bulatorium,
402 1049 432 1104 et
458 1039 589 1123 Regem,
618 1059 803 1127 quocumque
829 1041 905 1116 iret,
931 1041 1122 1126 sequebatur.
1156 1038 1260 1104 Postea

79 1168 84 1179 ·
173 1168 245 1214 vero
262 1170 281 1215 a
299 1173 436 1219 caraman
452 1153 587 1221 Pulchro
607 1175 685 1220 anuo
705 1155 786 1221 1304
806 1163 979 1242 perpetuum
994 1150 1259 1242 (selemoirellac-

173 1275 237 1331 tum
260 1277 316 1333 est.

215 1379 265 1446 Ab
285 1403 320 1447 eo
337 1391 436 1446 autem
454 1391 585 1467 tempore
604 1383 701 1466 Reges
718 1381 817 1448 edicta
834 1404 889 1448 sua
908 1383 946 1448 ad
964 1382 1161 1448 Parlamenta
1177 1383 1254 1448 misc

172 1504 260 1573 runt,
291 1506 379 1563 ntea
399 1500 473 1564 actis
492 1499 674 1573 insererent,
695 1516 771 1584 quae
787 1497 910 1564 insertio
928 1497 1202 1585 comprehendebat
1217 1516 1263 1563 ra·

172 1610 374 1677 tilicationem.
405 1614 482 1678 Illud
510 1623 610 1678 autem
637 1622 778 1699 perpetuo
796 1613 987 1680 observatum
1005 1612 1116 1689 lorisse,
1144 1634 1208 1678 non
1224 1607 1285 1692 essl¹

172 1727 251 1812 qnod
278 1727 418 1812 exemplis
444 1729 543 1793 allatis
568 1729 744 1814 probemus,
771 1749 840 1794 cum
859 1747 894 1793 ea
913 1728 1018 1802 dere,
1036 1739 1184 1813 tauquam
1203 1734 1294 1792 cet·

171 1838 285 1904 tissima
305 1851 334 1906 et
352 1842 489 1906 omuibus
507 1842 678 1917 notissima,
708 1842 833 1908 dubium
854 1841 973 1928 quidem
995 1843 1113 1907 nullum
1130 1824 1311 1910 morelv3·

171 1965 230 2022 tur.
249 1957 351 2023 Solum
371 1980 442 2024 vero
461 1959 622 2024 videndum
640 1968 698 2034 est,
720 1967 866 2045 quatenns
880 1959 933 2023 illa
948 1958 1214 2024 Parlamentorum
1225 1958 1310 2022 io

171 2072 261 2136 sertio
278 2090 313 2136 es
331 2072 395 2156 lege
412 2071 631 2138 fundamentali
650 2072 858 2148 monarchiae,
876 2073 1041 2138 secundum
1058 2094 1149 2161 quam
1168 2076 1209 2138 de
1230 2076 1310 2139 le

171 2185 272 2267 gibus,
298 2207 315 2250 a
338 2188 501 2253 Morarcba
525 2188 701 2264 condendis,
725 2187 765 2253 ab
787 2189 850 2274 ipso
872 2207 993 2274 corpore
1011 2188 1141 2256 civitatis
1157 2189 1310 2275 inquit.

173 2300 278 2374 debet,
304 2303 436 2387 prolecta
450 2306 514 2379 sit,
538 2314 658 2368 etcum
681 2323 717 2367 oa
740 2305 922 2370 convenerit.

215 2415 327 2500 Negari
347 2419 466 2503 quidem
485 2439 543 2483 non
562 2427 672 2501 potest,
701 2418 726 2483 si
745 2439 807 2483 rem
825 2419 921 2484 obiter
941 2429 1071 2504 spectes,
1089 2416 1169 2482 banc
1190 2416 1283 2482 Par-

173 2530 369 2595 lamentorum
387 2533 538 2617 politicam
558 2533 790 2613 jurisdictionem
810 2533 848 2599 ab
868 2533 990 2620 antiquo
1010 2534 1109 2617 legum
1130 2533 1276 2599 serenda·

174 2664 242 2711 rum
260 2647 368 2722 modo,
399 2668 473 2713 cum
488 2647 525 2713 de
549 2650 585 2714 iis
601 2648 633 2713 in
649 2669 759 2732 magro
776 2650 873 2732 gentis
892 2647 1019 2714 concilio
1034 2649 1266 2724 deliberaretur,

172 2762 301 2826 multum
320 2760 457 2836 differre;
487 2782 592 2831 verum
612 2772 732 2840 tamen,
758 2761 784 2828 si
802 2763 884 2827 illius
902 2764 985 2847 origo
1002 2773 1033 2828 et
1051 2771 1160 2828 natura
1180 2765 1269 2849 paulo

172 2872 296 2942 interius
315 2877 497 2963 inspiciatur,
517 2889 639 2964 apparet
656 2877 847 2942 Parlamenta
864 2888 969 2944 rev'era
987 2898 1005 2940 a
1021 2878 1154 2962 pristinis
1170 2877 1271 2943 Comi·

130 3030 134 3037 ·
173 2987 223 3052 tiis
249 2999 321 3053 nata
345 2989 453 3068 luisse,
487 3003 538 3067 et,
568 2991 818 3078 quemadmodum
844 2987 940 3066 baec,
968 2992 1273 3075 repraesentationem

174 3104 305 3190 aliquam
327 3105 418 3170 totins
440 3106 554 3188 gentis,
577 3105 632 3170 etsi
654 3106 753 3171 minus
774 3106 956 3191 perfectam,
981 3105 1181 3173 constituisse.

215 3216 262 3283 Ac
290 3219 417 3304 primum
438 3221 557 3305 quidem
573 3219 637 3304 ipsa
655 3218 795 3294 insertio,
819 3221 882 3284 sive
901 3220 1006 3285 relatio
1026 3221 1058 3285 iu
1073 3227 1142 3284 acta
1164 3239 1183 3283 a
1202 3240 1275 3305 par·

172 3332 311 3398 lamentis
328 3332 484 3409 iacienda,
507 3335 630 3398 minime
648 3334 705 3398 init
721 3335 889 3399 institutum
907 3335 994 3419 plane
1012 3355 1122 3401 norum
1142 3343 1172 3398 et
1183 3344 1277 3400 antea

173 3442 367 3526 incognitum.
390 3448 461 3512 Jam
478 3450 556 3514 euim
575 3450 644 3514 olim
660 3449 716 3513 sub
731 3447 865 3532 Regibus
883 3449 1032 3513 secundae
1050 3448 1168 3534 stirpis,
1179 3470 1276 3535 quum

174 3559 254 3641 leges
281 3560 380 3626 adhuc
408 3564 439 3627 in
463 3564 579 3646 magnis
609 3564 736 3628 comitiis
763 3562 996 3637 conderentur,
1016 3563 1062 3627 ler
1081 3563 1236 3648 quaelibet
1256 3583 1277 3628 a

174 3670 259 3756 Rege
286 3677 494 3762 proponenda,
517 3677 598 3762 prius
621 3680 639 3740 a
662 3679 842 3743 cancellario
855 3679 940 3760 regni
957 3678 1052 3747 forma
1068 3660 1179 3743 ilonea
1194 3678 1278 3743 scri·

176 3788 323 3862 bebatur.
348 3811 365 3855 a
392 3768 451 3876 quo
479 3791 587 3855 deinde
616 3792 779 3859 Ordinibus
801 3792 1003 3869 offerebatur,
1026 3802 1057 3858 et
1079 3799 1238 3878 postquam
1259 3812 1279 3857 a

177 3902 265 3986 Rege
285 3906 473 3988 promulgata
502 3916 593 3979 esset.
625 3908 656 3972 in
681 3907 861 3974 Ambivario
887 3907 1007 3993 publico
1024 3906 1215 3983 servabatur,
1243 3918 1279 3974 ut

177 4017 336 4093 omnibns,
351 4020 466 4104 quoties
483 4029 636 4114 peterent,
661 4023 811 4108 exemplar
828 4023 894 4086 dari
913 4031 1022 4108 posset.
1034 4021 1137 4088 Exstat
1156 4044 1279 4110 quoque

177 4134 332 4219 antiquum
340 4135 489 4222 quoddam
501 4136 716 4220 capitularium
728 4157 837 4201 cauom
849 4156 944 4200 unam
955 4183 963 4211 ,
973 4136 1004 4200 in
1017 4157 1075 4224 quo
1084 4137 1280 4222 baecleguu-

108 4315 111 4319 .
179 4253 229 4309 tur
238 4292 292 4313 .....
297 4270 312 4307 «
326 4249 408 4317 Haec
417 4252 547 4338 capitula
557 4251 639 4315 iacta
650 4259 735 4326 suot,
748 4259 778 4314 et
797 4249 971 4332 consignata
980 4251 1132 4339 Stephano
1148 4254 1280 4332 comiti,

152 4377 155 4381 ’
201 4388 241 4450 (l)
258 4386 379 4440 Ncnceurr
398 4393 519 4444 croisette
536 4395 712 4470 diplomatiqrro
729 4393 758 4447 Τ.
775 4392 822 4445 lll.
839 4410 864 4459 p.
883 4390 939 4446 558.

799 4483 806 4515 r
