2806 5324
668 459 672 465 .
775 359 830 439 94

236 548 309 633 *vim
319 549 402 616 illam
411 549 561 638 publicam
570 550 754 619 delensiram
765 559 1001 629 exercent,cum
1010 548 1144 638 perpetui
1155 546 1352 623 etinamovi·

242 664 321 731 biles
330 665 1352 761 sintnecadeoapriuatisvolnntatibussiveaffectibussubditorum

245 783 410 870 pendeant,
420 780 488 858 bos,
502 782 526 846 si
533 762 656 869 quando
664 783 702 848 ad
711 783 904 849 rebellionem
911 791 1061 869 spectent,
1072 791 1135 847 tam
1144 779 1352 860 octioneruu,

246 901 339 965 etiam
357 897 383 963 si
402 915 477 983 opus
494 908 538 964 est
552 899 765 986 armir,quam
774 900 904 986 exemplo
924 906 1072 964 coercent.
1089 896 1138 962 Ab
1157 897 1254 963 altera
1272 916 1351 964 vcro

247 1025 352 1102 parte,
383 1024 452 1079 cum
481 1035 540 1079 non
559 1014 656 1096 magis
673 1016 808 1100 privatae
828 1011 975 1081 voluntati
992 1032 1046 1077 seu
1064 1011 1167 1097 pravis
1183 1008 1350 1077 affectibus

248 1126 431 1195 Monarcbae
451 1127 570 1193 obnoxii
594 1128 671 1205 sint,
701 1128 844 1196 adversus
863 1127 954 1208 buius
971 1126 1187 1213 oppressionem
1202 1129 1269 1193 solu
1287 1151 1351 1194 sara

247 1241 422 1311 ecsutentio
437 1243 589 1311 civitatem
601 1243 776 1310 defendunt.
800 1243 834 1308 ld
854 1244 932 1330 quod
949 1241 1028 1309 inira
1045 1243 1155 1309 clarius
1175 1242 1351 1330 apparebit.

289 1360 360 1426 Jarn
382 1369 483 1425 autem
503 1368 592 1425 antea
611 1357 740 1424 officium
760 1358 957 1435 familiarum,
979 1357 1102 1444 quibus,
1129 1332 1258 1425 exclusis
1274 1377 1351 1424 cae-

247 1473 319 1539 teris
335 1474 469 1549 civibus,
487 1473 638 1540 militandi
655 1472 798 1559 proieasio
814 1474 877 1556 lege
895 1472 1053 1556 adsignata
1068 1481 1149 1547 erat,
1172 1482 1236 1538 tarn
1251 1473 1351 1539 inter·

249 1609 320 1654 narn
337 1609 428 1675 quam
444 1598 597 1654 externam
616 1588 746 1656 civitatis
764 1587 967 1667 defensionem
985 1588 1258 1673 complectebatur,
1283 1580 1354 1658 aive

249 1706 317 1771 aliis
334 1704 451 1779 uerbis,
473 1704 606 1769 familiae
624 1702 769 1769 militares
788 1712 851 1767 tarn
870 1702 1056 1772 delensiuam
1073 1700 1353 1789 qnamoffensi'uam

248 1821 387 1887 militiam
414 1817 592 1885 efficiebant.
615 1815 770 1901 Abrogata
787 1839 858 1885 vcro
878 1819 943 1902 lege
959 1816 1037 1895 ista,
1056 1839 1125 1885 curn
1144 1838 1248 1886 omnes
1265 1821 1353 1889 cives

247 1918 362 2022 pariter
379 1933 499 2021 quidem
518 1933 557 1998 ad
576 1932 715 1998 militiam
734 1932 932 1998 exercendam
949 1931 1172 2016 obligarentur,
1187 1906 1254 2002 ison
1274 1956 1353 2003 vero

247 2069 364 2135 semper
387 2057 417 2113 et
443 2049 585 2114 continno
606 2048 780 2132 congregari
798 2057 934 2134 possent,
952 2069 990 2113 ne
1007 2066 1079 2134 praa
1097 2048 1207 2113 militia
1227 2060 1352 2118 caetera

247 2166 367 2250 negotia
379 2165 479 2232 civilia
489 2164 732 2248 negligerentur,
750 2161 807 2226 boc
823 2161 887 2247 ipso
903 2162 1020 2231 civitati
1039 2165 1142 2231 deerat
1161 2165 1272 2230 militia
1289 2165 1351 2231 de·

246 2281 362 2347 lensiva
380 2279 453 2356 illa,
474 2299 552 2367 qnae
572 2288 673 2343 tamen
691 2277 732 2342 ad
752 2277 1008 2343 conseruationem
1029 2267 1353 2369 ejusinternampen·

244 2407 337 2485 petuo
362 2397 466 2461 adesse
489 2394 590 2459 debet.
618 2393 698 2458 Huic
717 2391 809 2476 igitur
825 2392 904 2456 malo
923 2392 1090 2458 remedium
1109 2396 1297 2481 quaesitum,
1317 2408 1352 2466 et

247 2511 370 2600 quidem
389 2508 526 2596 sequenti
542 2508 643 2573 modo.
1084 2526 1087 2531 ·
1366 2489 1373 2497 ’

291 2624 442 2692 Nimirum
471 2624 542 2689 licet
569 2643 648 2688 nnnc
669 2620 708 2688 ad
725 2622 897 2687 obeundam
912 2622 1174 2694 militiamomnes
1189 2627 1271 2694 circa
1288 2629 1353 2695 ad-

246 2741 455 2826 mitterentur,
486 2740 561 2825 quin
590 2739 681 2803 eliam
710 2720 932 2822 obligarentur,
953 2749 1044 2825 atque
1062 2739 1138 2807 adeo
1152 2742 1261 2807 militia
1279 2745 1352 2811 uui·

243 2876 328 2924 verse
355 2877 414 2921 non
446 2855 573 2940 amplius
602 2853 765 2920 baberetur
790 2854 932 2941 professio
957 2851 1116 2930 distincto,
1145 2864 1265 2933 tamen,
1300 2860 1349 2927 nrt

246 2969 387 3035 naturale
413 2980 495 3044 erat,
524 2970 602 3034 inter
623 2968 690 3034 illus
711 2969 845 3036 nonnulli
866 2968 975 3035 bellica
999 2969 1110 3035 virtute
1128 2992 1200 3056 prae
1221 2950 1354 3040 caeteris

246 3085 428 3173 quandoque
449 3085 613 3149 enitebant.
632 3084 673 3148 lli
690 3104 760 3148 vero
781 3083 869 3148 certis
888 3083 1050 3169 privilegiis
1067 3094 1096 3150 et
1114 3085 1352 3156 bonoribusure·

246 3203 305 3267 rito
319 3200 519 3275 ornabantur,
550 3209 657 3284 atque,
679 3198 724 3263 uti
745 3208 826 3264 recte
843 3199 966 3284 reliquis
984 3199 1157 3284 dignatione
1175 3202 1353 3271 eminebant

247 3317 349 3405 (babet
374 3319 454 3383 euim
481 3313 698 3384 uenerationem
723 3311 853 3403 justum,
882 3310 1032 3402 quidquid
1053 3315 1171 3382 excellit
1190 3316 1279 3404 (l)),
1306 3320 1351 3385 iri

246 3432 359 3515 largius
385 3432 579 3514 judicabatur
608 3422 758 3495 aestimari
789 3429 903 3506 vimus,
929 3430 1016 3510 cujus
1046 3432 1180 3516 praemia
1208 3432 1248 3496 ad
1275 3432 1350 3500 istos

247 3565 367 3631 quoque
383 3547 572 3623 derivarent,
593 3567 668 3632 quos
686 3554 795 3609 natura
815 3543 942 3628 quilibet
957 3540 1049 3630 quam
1064 3546 1348 3614 carissimosbabet:

246 3661 419 3747 praesertim
440 3679 508 3726 cnm
528 3681 564 3726 ea
581 3679 629 3725 res
649 3669 820 3745 speraretur
838 3661 948 3726 civium
965 3662 1081 3727 animos
1098 3651 1350 3736 exstimulatum,

246 3775 344 3841 acrius
373 3775 549 3842 affectandis
574 3775 720 3856 ejusmodi
751 3776 908 3861 praemiis;
936 3777 1025 3843 simul
1052 3798 1122 3846 vero
1146 3778 1243 3863 proles
1266 3776 1347 3872 ista,

203 3893 208 3901 '
242 3890 411 3957 domesticis
446 3893 587 3978 exemplis
614 3893 763 3967 excitata,
793 3902 952 3978 parentum
982 3893 1127 3963 uirtutem
1155 3894 1348 3966 aemulatum

245 4007 434 4085 crederetur,
466 4009 715 4095 splendoremque
732 4009 829 4086 ,illurn
850 4009 976 4086 iisdem,
1005 4010 1115 4094 quibus
1136 4019 1240 4096 partus
1259 4018 1345 4087 erat,

243 4121 358 4188 artibus
378 4124 494 4223 tuitura
516 4123 576 4210 (2).
611 4121 699 4190 Adeo
718 4133 752 4190 ui
768 4125 922 4211 praeclare
940 4123 1087 4208 eiusmodi
1104 4125 1279 4193 meritorum
1296 4127 1357 4193 ci··

260 4277 301 4339 (l)
319 4277 374 4330 Cre.
387 4277 425 4329 Da
442 4285 496 4332 ont.
516 4266 635 4332 Daorsi.
654 4281 691 4330 ¹7.

260 4371 302 4437 (2)
318 4370 380 4426 Cum
396 4374 426 4428 rit
443 4374 490 4425 boc
506 4374 591 4441 generi
606 4373 713 4429 bumana
728 4375 826 4442 propria
842 4390 856 4427 ι
872 4369 959 4429 natura
975 4375 1075 4442 clatum,
1091 4381 1121 4431 ut
1138 4395 1202 4446 quae
1217 4379 1244 4432 iu
1259 4377 1357 4432 iamilir
