2806 5324
683 413 709 485 5

152 597 296 663 diversae
317 596 543 682 propensiores,
561 598 721 686 qualitates
737 610 767 668 et
785 602 893 667 mentis
908 602 1104 685 agitationes,
1124 599 1245 665 absoin-

154 711 306 776 tissimam
323 711 467 774 unitatem
486 712 740 802 arctissimamqne
759 717 949 782 concordiam
967 717 1011 781 ita
1027 717 1191 789 efficerent,
1212 724 1246 781 nt

154 845 262 889 eornm
288 824 500 890 co-ertsrentta
529 847 588 892 uon
610 831 851 912 repugnantiam,
875 848 979 896 verum
994 828 1158 916 perfectam
1177 828 1246 893 har·

153 940 291 1004 moniam
308 954 408 1005 seeum
427 942 547 1006 ferret..

201 1057 263 1122 Sed
288 1058 360 1144 qnid
389 1057 500 1140 plura?
518 1055 578 1134 iam
593 1056 666 1121 satis
683 1077 829 1143 superque
844 1058 1133 1132 demonstravimus,
1150 1058 1245 1123 socie-
1363 1056 1368 1063 ’

152 1179 253 1236 tatem
267 1191 435 1257 supremam
451 1170 583 1235 humano
598 1170 698 1253 generi
714 1173 810 1254 legem
828 1192 908 1244 esse,
921 1171 1246 1258 atquehominesextra

121 1296 124 1303 '
152 1286 331 1350 societatem
343 1306 496 1371 nunquam
513 1285 674 1360 exstitisse,
686 1306 781 1371 neque
799 1286 922 1351 existere
939 1289 1078 1372 potuisse.
1102 1288 1178 1353 Etsi
1197 1289 1246 1354 vei

152 1420 261 1464 omues
287 1401 436 1475 rationes,
461 1419 535 1486 quas
556 1399 728 1473 attulimus,
749 1419 858 1481 negare
876 1401 966 1475 velis,
985 1402 1064 1486 qnod
1081 1423 1153 1467 saue
1170 1404 1246 1466 diiii-

153 1514 295 1579 culteret
306 1512 421 1579 vinnisi
439 1512 518 1577 mala
529 1511 586 1576 fide
604 1511 728 1587 [coeris.
744 1533 842 1576 nonne
856 1521 958 1577 tamen
974 1533 1068 1587 ereo,
1079 1516 1247 1600 qnodtotus

153 1637 309 1694 terrarum
337 1626 417 1693 orbis
440 1636 584 1701 testatur,
607 1625 740 1691 homines
754 1626 852 1694 ubivis
869 1626 900 1691 iu
918 1627 1060 1691 societate
1076 1628 1196 1701 vivere,
1215 1637 1246 1693 et

153 1762 224 1814 eos,
253 1740 304 1826 qui
335 1761 353 1804 a
382 1741 522 1806 societate
549 1761 621 1805 casu
640 1740 836 1816 aberrarunt,
857 1739 922 1826 (qui
938 1742 1109 1826 paucissimi
1128 1742 1242 1808 inventi

154 1853 263 1938 sunt),
284 1853 333 1920 vir
351 1852 479 1919 hominis
495 1854 718 1919 similitudinem
736 1854 848 1919 habere
867 1855 934 1940 (Ι),
960 1875 1058 1920 nonne
1074 1875 1109 1919 er
1125 1875 1160 1919 eo
1172 1856 1246 1930 ‚'iu·

154 1987 269 2053 quam.
286 1967 358 2032 satis
374 1968 564 2033 manifestum
587 1976 652 2045 est,
677 1988 831 2055 nunqnam
858 1967 1023 2033 humanum
1043 1969 1245 2051 generalium

155 2088 272 2145 statum
291 2079 487 2162 cognovisset

202 2191 264 2257 Sed
291 2214 360 2257 oum
384 2194 570 2258 adversarios
589 2201 703 2258 nostros
722 2214 777 2258 sua
796 2213 865 2259 cum
886 2193 950 2279 ipsa
966 2203 1073 2258 natura
1093 2193 1246 2259 hominum

155 2307 358 2392 repugnantia
377 2330 436 2374 non
453 2309 617 2385 deterreat,
636 2307 794 2394 quominus
803 2308 909 2372 docere
918 2318 1060 2394 pergant,
1073 2308 1246 2372 societatem

156 2440 198 2483 ex
212 2418 367 2487 homiuum
387 2420 633 2487 conventionibus
652 2421 794 2504 originem
815 2420 946 2495 habere,
965 2441 1059 2507 neque
1080 2441 1246 2489 noseorum

154 2533 324 2618 pertinacia
343 2535 491 2611 deterret,
509 2533 666 2621 quominus
679 2535 934 2605 conventionalem
944 2535 1087 2614 ejusmodi
1097 2537 1248 2603 societatis

154 2649 400 2715 constitutionem
416 2650 454 2714 ob
473 2649 570 2734 ipsum
585 2658 695 2714 statum
713 2649 884 2724 hominum,
907 2650 1025 2735 qualem
1042 2649 1099 2713 sibi
1115 2649 1245 2733 fingunt,

155 2785 220 2829 non
244 2762 448 2848 probabilem,
475 2764 535 2828 imo
548 2764 762 2849 ,impossibilem
782 2767 870 2850 piane
887 2764 977 2830 inisse
994 2746 1164 2848 probemus
1185 2766 1247 2844 Qut

155 2896 266 2962 nempe
287 2878 458 2943 societatem
477 2880 517 2944 ab
534 2879 704 2945 hominihus
720 2880 870 2945 conditam
889 2898 952 2943 esse
972 2878 1093 2952 docent,
1112 2900 1169 2947 non
1180 2901 1247 2963 pos·

156 3000 250 3062 suut,
276 2993 349 3077 quin
365 3011 416 3057 eos
432 3002 516 3057 extra
534 2994 706 3059 societatem
723 2992 886 3080 aliqnando
903 2991 1010 3058 vixisse
1031 2991 1177 3058 affirmare
1197 3017 1247 3059 oo·

155 3113 280 3187 gantur.
312 3107 384 3171 ideo
413 3108 563 3173 hominem
591 3108 622 3174 iu
652 3118 762 3174 terram
788 3109 873 3195 quasi
900 3109 1088 3187 conjectum,
1105 3118 1136 3173 et
1153 3111 1248 3173 omnis

155 3219 308 3284 ratiocinii
335 3231 389 3286 aut
414 3223 554 3289 orationis
583 3224 727 3288 facultate
745 3233 916 3299 carentem,
936 3245 989 3307 per
1005 3245 1091 3304 agros
1110 3232 1140 3287 et
1158 3223 1249 3288 silvas
1272 3254 1275 3259 ·

156 3335 254 3402 vitam
278 3336 401 3401 traxisse
428 3344 617 3424 supponunt:
642 3337 681 3406 Je
705 3360 832 3423 suppose
856 3336 899 3401 ita
925 3337 1028 3421 incipit
1045 3358 1245 3410 poossumus,

156 3470 249 3535 quern
267 3451 375 3516 ducem
393 3453 480 3517 multi
493 3453 673 3517 secutisuut.
686 3449 1248 3536 Enprimo'miravaldephilosophandi

156 3562 334 3630 methodus!
354 3565 434 3651 qnod
456 3565 510 3650 ipsi
528 3564 652 3631 dubium
668 3585 730 3629 esse
748 3574 926 3647 agnoscunt,
945 3563 976 3635 id
996 3573 1249 3649 posteatanquam

156 3697 266 3745 verum
290 3688 321 3742 et
344 3679 501 3743 indubium
518 3678 662 3744 audacter
675 3679 871 3764 proclamant.
892 3719 935 3731 -
956 3680 1016 3743 Sed
1036 3679 1166 3743 secundo
1183 3687 1249 3743 sta-

154 3800 210 3855 tus
237 3791 290 3855 iiie
318 3792 532 3858 antihumanos
557 3803 587 3858 et
609 3815 763 3879 perperam
784 3794 883 3858 dictus
898 3792 1060 3867 naturalis,
1087 3795 1249 3860 statueret

155 3903 297 3989 perpetui
311 3906 383 3972 tetta·
396 3910 443 3975 vei
455 3906 545 3994 pacis
558 3909 634 3974 suit:
652 3909 861 3974 intermedium
880 3907 958 3972 enim
975 3905 1044 3988 fingi
1061 3929 1120 3971 non
1137 3918 1247 3991 potest,

154 4019 216 4083 uisi
242 4019 273 4084 in
292 4023 405 4086 mutuis
422 4023 492 4087 beili
509 4033 540 4088 et
558 4024 640 4108 pacis
659 4022 844 4087 transitibus.
866 4022 925 4086 Sed
946 4042 1005 4106 qua
1027 4022 1092 4101 lege
1108 4019 1150 4082 iiii
1167 4027 1250 4081 trau·

153 4135 233 4201 situs
256 4146 418 4220 reguntur,
444 4147 475 4202 et
493 4128 557 4223 'qua
579 4137 645 4214 ria,
664 4140 756 4202 semel
775 4137 854 4201 bello
873 4145 992 4210 exorto,
1011 4136 1071 4198 itur
1091 4133 1189 4197 denuo
1211 4133 1250 4197 ad

175 4309 215 4369 (Ι)
243 4307 322 4359 Homo
346 4310 412 4360 euim
429 4310 548 4360 solitarius
565 4325 615 4359 non
631 4316 670 4359 eat
687 4311 767 4371 domo,
787 4309 829 4360 red
846 4309 918 4359 littus
938 4311 1011 4374 utque
1028 4308 1095 4368 oric,
1113 4311 1138 4354 ct
1154 4304 1261 4356 solitudo

138 4416 224 4465 noro,
245 4410 273 4453 ut
290 4403 390 4456 nitere.
410 4403 495 4470 Epist.
513 4405 546 4455 od
562 4406 615 4457 Are.
632 4403 656 4455 1.
679 4400 715 4453 ¹8.

1339 4790 1371 4799 -ι

1135 4831 1139 4838 ι
1313 4834 1317 4843 Ι
1365 4830 1368 4835 .

1343 4848 1348 4855 ι

1268 4834 1394 5000 ἸΙ

1299 4894 1330 4921 Ι1

1239 4986 1307 5000 ἰωὰ.
