2806 5324
691 304 813 428 ,2.

209 526 297 594 nl’ao
317 549 370 596 nos
384 529 531 612 singulos,
549 529 591 594 eit
609 552 740 606 senece,
763 528 844 616 quid·
855 528 979 595 sumus?
1005 525 1116 614 praeda
1133 526 1249 592 enime-

172 642 267 707 slium
288 652 320 707 et
341 643 498 719 victimae,
522 664 557 708 no
585 645 743 713 vilissimus
765 653 795 708 et
817 643 977 709 laeillimus
1000 642 1129 724 sanguis.
1161 643 1247 721 Quo-

167 757 274 821 »uiam
301 757 426 821 coeteris
451 756 630 822 animalibus
659 758 690 843 in
719 758 844 822 tutelam
872 757 918 821 sni
944 756 1015 821 setis
1044 755 1152 823 virium
1180 763 1243 829 est;

167 861 396 956 »quaecumque
411 890 489 952 vage
504 879 667 936 naseuntur
682 880 713 935 et
731 880 836 936 actura
853 870 945 937 vitam
964 889 1115 952 segregem
1130 876 1248 932 armeta

167 991 277 1056 osunt3
300 982 450 1048 hominem
479 982 667 1077 imbecillites
695 985 808 1050 oernit:
837 1005 895 1049 non
926 984 1069 1066 unguium
1098 982 1161 1054 vis,
1185 1002 1247 1046 non

129 1108 133 1117 “
167 1095 324 1160 edentium
338 1097 501 1163 terribilem
517 1098 641 1163 caeteris
657 1098 746 1173 leoit;
764 1098 877 1163 nudum
900 1106 929 1162 et
951 1097 1099 1164 infirmum
1120 1093 1247 1160 societas

164 1210 296 1276 emunit.
318 1208 403 1277 Duas
421 1232 469 1277 res
483 1211 585 1285 dedit,
603 1230 680 1297 quae
699 1212 784 1277 illum
803 1211 962 1277 obnoxium
979 1212 1103 1277 caeteris
1119 1208 1245 1276 validis·

163 1324 295 1389 »dmum
312 1322 460 1399 fecerent,
485 1325 683 1393 rationemet
702 1326 885 1392 societatem.
907 1326 1011 1411 Itaque
1033 1325 1084 1411 qni
1105 1346 1158 1410 par
1180 1343 1246 1388 esse

163 1439 263 1527 »ynulli
284 1447 396 1524 posset,
420 1435 446 1500 si
468 1436 676 1512 diduceretur,
699 1457 799 1502 rerum
825 1437 946 1524 potitur.
968 1438 1100 1501 Societas
1121 1436 1165 1500 illi
1189 1435 1243 1499 do-

164 1552 314 1618 »minium
335 1551 467 1616 omnium
485 1548 657 1616 animalium
669 1528 778 1625 'dedit3
806 1550 932 1616 societas
953 1550 1038 1615 terris
1060 1550 1192 1631 genitum
1211 1549 1245 1614 in

161 1666 306 1732 »alienae
332 1673 457 1729 naturae
482 1664 644 1728 transmisit
668 1662 844 1746 imperium,
867 1674 898 1729 et
927 1663 1073 1729 dominari
1096 1663 1187 1726 etiam
1209 1661 1243 1726 in

161 1778 262 1844 »mari
284 1776 379 1858 jussit.
412 1777 494 1841 Haec
516 1777 686 1841 morborum
716 1776 843 1861 impetus
872 1777 987 1854 arcuit,
1010 1776 1156 1842 senectuti
1185 1776 1242 1840 ad-

161 1891 325 1958 nminionla
344 1890 508 1977 prospexit,
531 1890 637 1953 solatia
660 1878 762 1954 contre
792 1891 906 1955 dolores
928 1891 1028 1965 dedit;
1052 1890 1127 1955 haec
1150 1889 1245 1954 fortes

159 2026 239 2070 »noo
259 2002 351 2078 feeit,
374 2004 544 2091 quodlicet
566 2011 668 2068 eontra
690 2003 840 2069 fortunam
858 1985 1014 2070 advocare.
1038 2007 1123 2070 Hane
1146 2007 1239 2080 tolle,

94 2192 100 2202 Ι
159 2143 176 2182 u
186 2126 215 2181 et
230 2117 376 2183 unitatem
394 2118 509 2201 generis
526 2117 648 2181 humani
658 2162 667 2190 ,
679 2138 737 2202 qua
750 2117 812 2184 vila
828 2117 1004 2195 sustinetur,
1021 2120 1164 2185 scindes»
1176 2121 1242 2206 (l).

199 2229 280 2294 Num
294 2229 365 2317 quid
379 2232 488 2295 clarius
509 2229 567 2293 dici
585 2238 679 2315 potest
696 2250 731 2293 ao
750 2229 870 2325 verius?
892 2233 1035 2298 Homines
1051 2235 1141 2316 igitur
1159 2257 1238 2312 non,

155 2351 190 2407 ut
212 2344 430 2429 equibusdam
452 2343 577 2418 dicitnr,
600 2353 719 2427 propter
739 2343 899 2408 utilitatem
915 2347 1086 2412 societatem
1102 2348 1158 2412 sibi
1175 2349 1238 2413 lor-

155 2454 614 2542 maremntl2),sednaturain
626 2454 766 2520 societate
788 2455 907 2535 vivunt,
928 2459 998 2544 quia
1014 2460 1108 2524 utilis.
1128 2460 1239 2524 Nullus

155 2573 235 2638 enim
256 2571 345 2636 homo
370 2592 455 2636 suam
482 2562 573 2655 ipsius
602 2570 775 2634 felicitatem
803 2569 917 2656 assequi
939 2581 1051 2656 potest,
1075 2572 1130 2635 nisi
1150 2573 1240 2638 simul

155 2687 281 2751 eliorum
292 2684 382 2751 saluti
393 2684 511 2776 student
532 2703 656 2770 eamque
668 2694 858 2768 promoveats
877 2704 932 2749 neo
953 2685 1107 2770 quisquam
1124 2695 1168 2750 est
1187 2687 1239 2773 qui

153 2820 213 2865 non
242 2799 310 2863 aliis
336 2798 480 2880 indigeat.
512 2797 620 2861 Statim
652 2817 687 2860 eo
719 2797 868 2872 nascitur,
899 2806 934 2862 ut
964 2799 996 2863 in
1025 2801 1088 2866 vita
1117 2820 1241 2865 menore

153 2912 262 2997 possit,
285 2933 370 2998 opem
392 2911 592 2997 auxiliumque
612 2918 769 2994 parentum
794 2911 896 2993 vagitu
924 2912 1079 2996 imploret:
1102 2924 1241 2996 parentes

152 3026 221 3090 ideo
248 3034 366 3109 propter
394 3024 539 3089 infantem
564 3023 793 3097 ’consociantun
816 3023 980 3106 indigentia
1007 3045 1078 3092 vero
1100 3008 1239 3090 et'inlir-

12 3193 15 3196 .
113 3215 115 3219 Ι
151 3137 406 3204 milesinlentem
431 3137 693 3222 comparentibus
715 3135 1236 3219 jungit.-Dumveroadolesoit,

147 3254 283 3333 ,orimum
304 3254 424 3318 anxium
453 3252 492 3316 ad
523 3253 692 3328 molestias,
720 3251 862 3316 humilem
884 3251 923 3314 ad
946 3250 1086 3327 timores,
1110 3273 1238 3335 pronum

150 3367 190 3431 ed
211 3366 349 3432 libidines
371 3367 480 3434 hahet:
502 3367 532 3431 in
555 3387 613 3452 quo
634 3375 735 3430 tamen
756 3366 833 3430 inest
855 3373 998 3449 tanquam
1020 3365 1143 3430 obrutus
1165 3370 1237 3453 qui-

115 3472 118 3477 *
148 3480 220 3545 dem
239 3480 316 3562 ignis
334 3481 447 3564 ingenii
469 3490 499 3547 et
518 3480 626 3545 montis
649 3480 767 3547 divinus
776 3479 844 3563 (3),
859 3478 974 3564 guinisi
986 3480 1102 3544 culture
1111 3482 1237 3547 eooedot

165 3723 208 3781 tr)
223 3719 262 3771 De
279 3719 410 3789 Beneficiis
426 3721 469 3774 IV.
481 3721 520 3773 tu.

166 3832 205 3893 (l)
220 3832 267 3891 Qui
283 3829 308 3880 id
325 3831 423 3892 dieunt,
439 3846 536 3880 oensem
553 3845 609 3879 oum
625 3829 714 3878 offeetn
730 3825 889 3876 contundunt.
906 3826 1028 3886 Quentum
1045 3844 1101 3878 vero
1117 3831 1152 3880 eie
1167 3848 1250 3884 evoro

134 3923 261 3986 oberrent,
284 3924 407 3988 ingeniose
431 3921 610 3988 comperetiene
634 3919 739 3968 ostendit
761 3930 851 3966 crosno
875 3919 905 3967 de
922 3919 963 3984 effi
991 3923 1013 3969 l.
1029 3923 1076 3973 tl:
1099 3927 1247 3989 eutonium

133 4017 257 4065 eonomine
274 4031 322 4064 noe
346 4015 513 4082 fingendorum
537 4014 646 4063 fenorum
669 4026 742 4060 oenoe
766 4018 960 4074 congregentur,
977 4010 1090 4062 redeunt
1108 4031 1246 4085 congrega.

131 4107 206 4167 ebilie
222 4115 307 4159 netnre
323 4110 384 4167 rint,
401 4105 642 4171 finguntieeoe31io
659 4103 787 4165 homines,
803 4118 832 4152 eo
853 4101 931 4151 multo
952 4105 1025 4154 etiem
1050 4111 1140 4174 mugio,
1158 4121 1248 4169 rretnre

129 4203 299 4264 ooongeegnti,
316 4189 434 4251 inritent
449 4188 537 4265 egendi
552 4197 725 4262 cogitandique
741 4197 889 4249 eolerliem.e

161 4291 203 4358 (3)
220 4293 340 4346 'findente
356 4306 405 4344 ore.
423 4292 487 4364 opud
503 4300 607 4341 recuso.
626 4278 710 4341 eontra
726 4287 854 4341 lullonum
878 4287 964 4357 Peleu.
981 4289 1024 4345 IV.
1041 4287 1083 4344 6⁰.
