2806 5324
103 109 311 196 Quapropter,
337 120 477 176 manente
501 109 680 175 tributorum
706 104 990 190 objecto,'mauere
1005 109 1121 177 dehent
1141 105 1213 198 ipsa

101 224 215 291 tributa
233 244 331 310 neque
349 224 458 289 mutari
480 225 595 291 interes
615 236 747 311 possunt.
820 310 822 317 y

120 338 188 403 -Ex
209 338 273 403 iroc
299 340 403 424 itaque
426 339 570 425 principio
595 341 716 407 omuino
739 360 815 426 opus
838 348 903 416 est,
934 347 966 404 ut
983 340 1209 425 presentibus

100 452 159 518 iliis
175 453 334 531 ordinariis
351 465 465 519 certum
486 455 642 540 quoddam·
657 455 943 541 temporisspatium
955 449 1133 532 statuetur,
1155 455 1214 521 ht·-
1335 496 1343 501 -

102 576 149 631 tra
166 567 264 651 quod,
283 570 375 634 semei
392 569 474 634 facta
492 568 672 634 tributorum
691 570 883 652 rogatione-e
902 566 1086 645 Monarche,
1106 578 1137 641 et
1154 588 1207 635 se·

98 681 158 746 mel
175 681 247 745 data
265 685 455 749 concessione
472 684 510 748 ab
529 683 711 759 Ordinibus,
736 705 791 749 neo
811 700 888 749 nova
906 682 1022 765 rogatio
1039 681 1124 758 teri.
1144 704 1205 751 uec

100 820 178 864 nora
195 799 345 864 concessio
361 799 427 863 dari
447 818 566 863 necesse
583 800 637 863 sit:
661 798 775 874 donec,
796 799 897 882 elapso
917 816 952 861 eo
973 805 1126 882 tempore,
1145 797 1205 863 dc·

99 932 161 977 uuo
178 912 401 988 concideretur,
428 933 501 978 unm
519 921 637 1003 mutata
655 914 786 980 civitatis
803 913 936 983 conditio
953 911 1084 990 maiorer
1103 912 1205 979 mino·

101 1047 188 1093 resve
210 1036 325 1092 sumtus
344 1028 495 1114 requirat,
516 1049 649 1113 numque
670 1029 760 1112 igitur
774 1029 955 1095 tributorum
964 1020 1087 1093 censum
1096 1029 1204 1113 eugeni

100 1142 237 1208 minuive
250 1138 403 1227 oportent.

141 1257 252 1324 Verum
279 1259 305 1322 si
331 1256 445 1323 bellum
469 1256 642 1331 oboriatur,
655 1262 657 1267 ’
671 1265 724 1321 aut
755 1255 780 1322 si
806 1275 879 1321 cura
897 1255 1049 1323 ornandae
1066 1254 1205 1324 civitatis

102 1371 194 1457 (quse
222 1372 342 1437 omniuo
363 1372 511 1437 etiamad
532 1372 787 1437 conservationem
804 1370 939 1451 eiusdem
955 1371 1115 1458 pertinet),
1136 1373 1205 1441 ries

100 1485 230 1562 muniri,
250 1486 386 1553 aedificia
405 1488 557 1562 construi,
577 1496 679 1571 portus
700 1484 807 1571 aperiri
825 1484 947 1565 iubent,
977 1485 1082 1571 utique
1101 1496 1207 1551 entre·

102 1600 244 1667 ordinarii
257 1586 386 1668 'sumtus
402 1603 611 1689 requimntur,
631 1609 721 1685 atque
740 1599 809 1664 hinc
827 1599 942 1665 tributa
961 1602 1206 1668 extraordinaris

101 1714 274 1782 iudicentur
291 1732 412 1783 necesse
429 1725 494 1792 est,
521 1712 600 1802 quae
618 1724 737 1788 temen,
768 1725 902 1779 cessante
923 1736 1031 1793 cansa,
1051 1730 1122 1781 mox
1137 1736 1205 1783 ces·

99 1849 166 1895 sere
185 1831 307 1897 debers
330 1832 490 1897 Enimvero
512 1831 542 1894 in
559 1850 670 1913 magna
690 1827 829 1904 civitate,
848 1828 900 1893 ubi
918 1851 1035 1916 semper
1053 1831 1205 1911 eiusmodi

101 1966 192 2032 opera
210 1922 334 2031 publica
351 1955 405 2013 ent
422 1944 560 2010 facienda
578 1953 630 2007 aut
647 1942 805 2009 reficienda
824 1954 910 2021 suut,
929 1955 1044 2012 sumtus
1060 1947 1107 2015 ittt
1124 1949 1208 2015 iuter

103 2060 269 2129 ordinarios
296 2059 568 2143 resumpserunt,
597 2067 758 2123 assertas
784 2059 926 2143 pecunias
953 2062 1092 2127 initium
1114 2062 1207 2129 iinem

104 2173 464 2255 umantrsttooarctao
475 2168 838 2257 concedioportet,itaut
849 2186 964 2241 sumtus
975 2178 1207 2245 extraordinarii

107 2291 171 2357 sive
187 2291 343 2356 adventitii
361 2291 400 2354 ad
416 2290 511 2353 solnm
529 2302 630 2352 casnm
646 2290 717 2354 beili
727 2291 829 2355 reduci
841 2290 971 2376 possint,
991 2293 1052 2358 imo
1061 2292 1207 2359 debeant.

149 2403 193 2470 At
208 2403 233 2469 si
247 2404 428 2489 reipublicae
442 2401 574 2476 intersit,
597 2411 631 2466 ut
646 2403 759 2468 beilum
777 2404 928 2471 indicatur
946 2427 1000 2472 nec
1018 2418 1208 2495 exspectetur

106 2519 203 2585 donec
221 2519 438 2592 denuncietur,
457 2524 509 2580 aut
525 2515 554 2580 si
569 2515 676 2583 civitas
692 2517 850 2602 improvise
864 2521 905 2586 ab
924 2518 1057 2589 hostibus
1071 2524 1209 2593 circum·

14 2649 17 2657 '
110 2633 264 2709 veniatur,
294 2631 443 2718 quomodo
466 2630 721 2714 festinationes
748 2633 881 2700 defensio
904 2637 935 2700 iu
960 2637 1108 2717 ejusmodi
1136 2628 1211 2707 casu

107 2747 297 2835 suscipiendo
321 2756 385 2823 est,
416 2747 570 2812 conciliari
596 2748 706 2832 poterit
729 2770 797 2814 cum
825 2751 1001 2818 necessitate
1018 2756 1209 2824 convocandi

109 2862 260 2940 Ordines,
290 2883 308 2927 s
326 2861 687 2947 quihus'ertraordiuaria
706 2862 839 2928 subsidia
855 2868 1084 2935 concedentur?
1099 2871 1212 2939 Nonne

102 2976 202 3041 etiam
220 2976 252 3043 iu
268 2977 338 3062 ipsis
356 2974 620 3041 deliberationibus
638 2977 677 3040 ab
692 2976 1212 3068 hominihustorreirqrtsttsrernn·

106 3088 239 3156 istiuues
262 3091 432 3156 scitabere
459 3090 583 3155 excitari
603 3085 757 3176 poterunt,
779 3093 822 3157 ita
841 3104 876 3159 ut
892 3116 928 3160 ex
945 3097 1037 3165 nimio
1055 3101 1212 3167 conmodi-

108 3204 200 3273 osudi
215 3204 316 3270 studio
332 3206 451 3289 gratior
471 3206 572 3290 eliqua
591 3207 735 3271 dissensio
754 3208 886 3289 oriatur,
909 3197 985 3297 qna,
1005 3211 1132 3293 iamiam
1149 3216 1214 3283 iru-

107 3319 245 3385 minente
271 3318 369 3394 helio,
397 3318 751 3405 Imperiumprematur?
774 3322 854 3408 Ergo
875 3336 908 3392 nt
926 3328 984 3393 hoc
1005 3327 1116 3396 iterum
1132 3332 1214 3417 peri·

113 3436 214 3502 cuium
227 3434 375 3510 evitetur,
394 3437 593 3508 necessarium
611 3444 674 3512 est,
694 3446 728 3502 ut
742 3437 907 3508 Monaroha
926 3452 1039 3508 certam
1057 3446 1214 3530 quandem

111 3550 272 3635 pecuniam
298 3558 512 3640 proerogotom
539 3552 666 3627 habeat,
696 3548 757 3638 qna
775 3555 885 3640 primos
902 3558 973 3623 belii
990 3570 1106 3627 sumtus
1125 3582 1216 3627 com-

112 3684 238 3749 pensare
254 3660 364 3732 licent:
390 3686 469 3751 qnae
488 3676 588 3732 tamen
607 3669 734 3752 pecnnia
752 3679 839 3734 cante
855 3671 970 3737 deiiniri
988 3673 1098 3752 debet,
1118 3676 1164 3743 ite
1180 3685 1217 3743 ut

114 3783 282 3862 sumtibus,
312 3790 459 3866 quatenus
490 3782 663 3862 conjectura
688 3784 839 3874 aestimari
863 3797 1002 3872 possunt,
1029 3788 1129 3876 potius
1154 3812 1219 3859 uon

115 3894 256 3976 sufficiet,
275 3915 366 3984 quam
384 3915 434 3960 eos
448 3905 577 3981 superet.
