2806 5324
689 383 738 458 15

155 586 290 657 nemque
310 588 397 636 suum
417 582 608 657 assequatur,
633 572 787 639 institutus
808 593 826 637 a
845 573 910 638 Deo
927 572 999 637 ordo
1018 571 1181 656 imperandi
1200 578 1251 634 at·

154 706 217 770 que
234 687 375 769 parendi,
391 687 421 751 in
437 708 497 771 quo
514 674 628 771 aliquid
645 709 792 752 summurn
811 689 850 754 sit
865 710 899 753 ac
910 710 927 752 a
940 688 1056 753 nemine
1067 688 1250 771 dependens,

156 819 238 883 quae
256 808 301 863 est
315 821 431 865 summa
449 811 579 887 potestas
594 801 699 866 civilis.
722 803 753 865 ld
774 811 890 877 tamen,
909 804 1081 868 immediate
1093 804 1199 867 saltem
1219 809 1248 864 et

154 913 303 997 proxime,
336 915 450 979 lactum
471 915 636 980 humanum
663 935 740 990 esse,
767 925 868 981 utrum
892 939 1007 982 summa
1027 919 1079 982 illa
1098 926 1243 1001 potestas,

156 1027 264 1111 (quam
285 1027 341 1113 ipsi
357 1038 525 1094 tamennon
541 1030 608 1093 ideo
618 1039 760 1113 tanquam
775 1050 810 1093 er
818 1049 849 1093 se
858 1030 1051 1114 profluentem
1063 1029 1247 1113 conferunt),

154 1143 212 1207 uni
238 1141 446 1217 'committatur
461 1165 499 1209 an
516 1143 652 1231 pluribus
669 1154 697 1208 et
719 1144 828 1229 quibus
849 1144 943 1208 modis
962 1153 1056 1209 status
1066 1145 1247 1230 reipublicae

153 1260 352 1323 describatur.

197 1377 229 1439 5.
261 1412 305 1424 —
336 1372 421 1438 Nilril
442 1395 512 1455 crgo
537 1372 632 1454 magis
657 1372 788 1457 ineptum
815 1381 859 1437 est
878 1382 907 1437 et
921 1374 1133 1457 perniciosum,
1156 1391 1247 1457 quam

151 1485 244 1551 omne
270 1489 400 1552 civitatis
424 1496 454 1551 et
484 1487 602 1572 lmperii
627 1486 855 1550 fundamentum
875 1488 905 1550 in
925 1486 1079 1551 hominurn
1100 1487 1241 1556 arbitrio,

149 1600 184 1663 id
215 1610 278 1675 cst,
304 1598 336 1664 in
365 1607 453 1685 pacto
468 1598 578 1674 civico,
601 1600 681 1685 quod
700 1609 826 1675 vocant,
846 1621 1000 1685 reponere.
1024 1600 1152 1664 sienim
1171 1598 1244 1663 civi·

150 1723 232 1778 tates
249 1713 684 1780 'hominumconventionibus
701 1716 893 1791 coaluerunt,
913 1725 942 1780 et
962 1719 986 1779 si
1009 1724 1097 1800 pacto
1116 1712 1246 1798 quodam
1304 1792 1306 1795 Υ

150 1811 256 1892 ornnes
283 1839 499 1904 convenerunt,
531 1837 564 1893 ut
584 1829 728 1894 libertatis
746 1840 860 1916 partem
879 1829 1024 1894 minorem
1043 1826 1148 1906 maiori
1168 1826 1244 1912 parti

149 1943 320 2007 servandae
346 1938 560 2017 concederent,
592 1963 720 2027 eamque
747 1945 907 2029 imperanti
936 1943 1161 2014 submitterent,
1186 1959 1247 2024 quo

150 2057 300 2140 reliquam
327 2066 441 2140 partem
463 2059 577 2123 salvam
595 2059 759 2134 haberent,
779 2060 859 2124 unde
877 2060 937 2138 jam
956 2059 1119 2144 repetenda
1137 2067 1181 2121 ost
1197 2076 1243 2120 re·

151 2171 272 2256 ciproca
291 2152 451 2253 obligatio,
473 2173 550 2256 quae
572 2173 708 2237 subditos
726 2173 804 2237 inter
821 2184 849 2239 et
862 2175 1059 2257 Imperanten'r
1069 2168 1247 2275 intercedit?

149 2285 207 2360 An
229 2307 265 2377 er
291 2296 378 2372 pacto
406 2286 462 2351 isto
480 2287 600 2371 civico?
620 2289 679 2352 Sed
700 2290 730 2352 in
749 2309 784 2352 eo
805 2288 844 2352 ab
864 2309 924 2352 una
943 2289 1063 2373 quidem
1082 2295 1167 2371 parte
1185 2307 1244 2350 non

148 2402 207 2465 nisi
233 2400 454 2486 promissionem
477 2401 568 2468 >video
595 2400 730 2488 obsequii
749 2405 943 2488 praestandi,
966 2423 1043 2489 quae
1061 2413 1161 2468 tamen
1179 2425 1247 2489 pro·

147 2516 252 2579 missio
270 2516 419 2590 officium,
443 2515 522 2600 quod
540 2538 693 2601 nunquam
712 2518 876 2603 praeterire
893 2517 1015 2591 licebit,
1037 2518 1161 2582 minime
1175 2540 1245 2583 con·

146 2632 355 2697 sulcitanum
373 2651 409 2694 ex
427 2631 491 2716 ipsa
510 2630 651 2696 libertate
666 2633 858 2716 primigenia,
881 2633 968 2711 cuius
977 2643 1091 2717 partem
1102 2634 1247 2718 majorem

146 2744 355 2820 retinuerunt,
384 2747 500 2831 partem
529 2747 692 2822 minorem,
723 2768 814 2832 quam
841 2746 1003 2831 Imperanti
1023 2749 1243 2824 submiserunt,
1328 2752 1330 2755 ’

147 2851 284 2942 quotidie
312 2867 445 2943 repetere
474 2871 630 2945 poterunt,
656 2881 818 2946 eorumque
837 2862 945 2937 liberi,
962 2849 1059 2946 quiin
1079 2862 1183 2925 eadem
1206 2863 1241 2926 li·
1301 2838 1303 2844 ¹

145 2973 266 3037 bertate
287 2968 465 3048 nascentur,
490 2977 595 3039 eadem
612 2976 759 3041 facultate
775 2978 878 3041 multo*
890 2972 979 3040 etiam
998 2963 1244 3059 magisutentur:
1343 2964 1351 2971 ’

143 3086 313 3151 Λὴειίῐοῐα
331 3109 402 3154 vero
423 3100 507 3174 parte
529 3091 652 3156 nonnisi
662 3091 882 3177 promissionem
893 3091 1045 3157 civitatem
1056 3091 1241 3174 'gubernandi

144 3201 280 3285 reperio,
303 3225 380 3288 quae
402 3204 482 3268 baud
501 3206 607 3276 melius
628 3206 755 3271 officium
775 3218 889 3272 certum
908 3209 1142 3290 producit2nam
1161 3209 1240 3286 ejus·
1346 3271 1350 3279 ,

144 3317 228 3380 modi
245 3313 424 3402 Imperanti,
444 3341 479 3385 ex
497 3341 552 3384 sua
570 3321 677 3391 iterum
701 3322 855 3396 libertate,
877 3331 1052 3405 potestatem
1071 3343 1123 3404 pro
1143 3321 1240 3385 lubitu

144 3454 284 3500 exercere
311 3436 369 3501 vel
383 3435 528 3520 deponere
537 3435 657 3499 licebit.
678 3434 779 3518 Atque
799 3456 834 3499 eo
852 3433 944 3499 modo
959 3445 1011 3498 aut
1030 3434 1241 3505 rebellionibus

143 3546 198 3612 aut
228 3547 346 3612 libidini
365 3560 394 3614 et
411 3549 590 3635 oppressioni
612 3549 664 3615 via.
677 3547 820 3637 facillima
838 3549 999 3645 sternitum
1021 3552 1117 3633 eaque
1135 3549 1242 3613 civitas
1288 3557 1292 3566 “

142 3664 304 3738 continuis,
314 3664 452 3742 turbetur
471 3664 700 3729 dissensionibus
718 3651 909 3751 uecesse'est.
933 3663 998 3726 Nisi
1018 3661 1244 3728 enimomnium>

140 3780 333 3843 saeculorum
356 3774 522 3839 testimonia
532 3794 669 3839 recusare
680 3777 770 3850 velis,
784 3796 893 3859 negare
904 3799 963 3841 non
973 3787 1073 3862 potos,
1087 3778 1116 3840 in
1125 3776 1242 3857 magnis

140 3892 278 3956 coetibus
298 3890 459 3972 humanam
479 3891 623 3954 rationem
643 3890 771 3954 infinitas
795 3890 833 3953 ad
853 3911 884 3953 se
904 3873 1237 3960 traberedifficultates,

141 4014 175 4069 et
202 4006 283 4089 quod
311 4026 389 4070 nurus
404 4015 518 4068 certum
536 4014 565 4069 et
584 4006 740 4089 expediens
758 4003 941 4088 reipublicae
960 4003 1130 4076 existimat,
1147 4002 1176 4063 id
1195 4002 1240 4064 al·

94 4121 97 4124 ⁴
140 4122 203 4183 teri
219 4104 348 4185 dubium¹
364 4131 393 4184 et
414 4121 589 4204 damnosum
607 4119 713 4188 videri.
734 4118 789 4182 Cui
805 4119 929 4182 rationis
947 4118 1100 4182 bominum
1118 4114 1244 4180 infirmi·

138 4234 198 4298 tati
229 4235 253 4298 si
284 4234 391 4318 jungas
422 4233 587 4299 affectuum
610 4243 640 4298 et
658 4232 844 4318 privatarum
862 4232 1026 4298 utilitatum
1042 4232 1217 4316 agitationes
1230 4278 1248 4306 ,.
1268 4250 1274 4269 ‘
