2806 5324
682 407 759 483 159

167 581 241 666 ipsis
267 585 382 668 legibus
409 588 705 671 fundamentalibus,
733 598 841 682 quibus
865 595 1041 664 naturaliter
1067 603 1269 680 superstructa

166 707 231 771 est,
256 690 423 768 necessario
442 710 613 791 requiritur.
637 712 742 778 Nonne
771 715 861 777 etiam
886 711 1076 797 probavimus
1096 731 1163 774 eam
1185 730 1268 774 sem-

163 832 218 895 per
238 815 323 880 intea
343 819 421 901 leges
443 822 682 890 fundamentales
705 826 813 893 veteris
833 847 950 913 qnoque
969 824 1142 891 monarchis
1169 823 1268 888 Fran-

157 931 273 1008 cicae‚
305 942 386 1020 quae
417 939 550 1004 nondum
573 941 820 1006 constitutionalis
835 951 919 1020 erat,
943 960 1065 1022 magum
1084 958 1189 1004 revera
1219 939 1267 1003 lo-

159 1066 237 1110 cum
266 1050 423 1114 tenuisse?
448 1051 546 1135 Ergo,
570 1055 659 1118 modo
686 1075 758 1121 vera
787 1077 848 1121 non
864 1055 983 1120 nomine
1010 1062 1144 1129 tantum,
1169 1051 1221 1117 sed
1236 1073 1269 1116 re

151 1183 290 1247 qnoque
305 1165 481 1230 monarchia
502 1167 559 1243 sit,
579 1170 683 1255 utique
698 1171 783 1234 adest
800 1170 1031 1255 repraesentatio
1044 1166 1156 1259 populi.
1179 1167 1270 1246 Quod

152 1297 239 1343 vero
262 1281 497 1363 repraesentatio
518 1283 608 1348 hodie
638 1285 674 1349 in
694 1284 875 1351 monarchiis
896 1260 1186 1377 constitutionalibus
1205 1301 1269 1361 maf

150 1389 261 1469 iorem
290 1395 355 1460 vim
381 1405 413 1460 et
437 1397 647 1463 auctoritatem
669 1399 702 1463 in
732 1397 821 1465 rebus
845 1378 984 1483 gerendis
1004 1396 1131 1471 habeat,
1151 1396 1183 1460 id
1202 1373 1267 1493 nui·

156 1505 235 1571 (lem
257 1507 379 1574 laudari
396 1511 461 1576 sine
479 1512 572 1580 dubio
590 1525 735 1592 meretur,
759 1516 810 1580 sed
837 1524 1003 1600 temporum
1021 1511 1184 1577 conditioni
1213 1511 1267 1607 trip

154 1619 598 1711 huendum,.neqnenaturam
616 1630 828 1705 monarchiae,
851 1648 930 1714 quae
947 1647 1064 1712 semper
1080 1628 1188 1692 eadem
1207 1635 1267 1701 est,

163 1739 229 1802 ulla
244 1739 364 1804 ratione
380 1737 532 1808 immutat.
649 1736 654 1745 ¹
1249 1726 1252 1736 ¹

206 1851 330 1917 Deinde
346 1863 449 1919 autern
465 1857 641 1923 monarchia
659 1856 908 1924 constitutionalis
923 1855 1095 1940 saepissime
1104 1857 1194 1920 etiam
1206 1877 1267 1921 ruo·

166 1964 297 2032 narchr'a
316 1965 447 2038 limitato
467 1980 602 2038 vocatur.
625 1972 776 2057 Nimirum
793 1971 1017 2054 distinguitnra
1034 1971 1184 2056 plerisque
1202 1992 1269 2035 mo·
1338 1949 1341 1957 ’

164 2082 292 2146 narchia
309 2064 495 2151 obsoletant
514 2085 658 2163 limitato,
679 2083 722 2150 ita
737 2095 772 2150 ut
789 2085 929 2150 absoluta
943 2085 1078 2161 dicatur,
1098 2085 1130 2149 in
1141 2085 1268 2186 qualm3

165 2190 283 2280 perium
312 2200 397 2264 nullo
421 2201 533 2277 limite,
563 2222 653 2287 quam
675 2200 781 2289 salutis
804 2199 905 2289 populi
932 2220 1040 2284 scopo,
1062 2190 1267 2295 contineatur}

163 2318 194 2372 et
225 2309 395 2374 Monarcha
419 2311 482 2395 ipse
507 2331 544 2375 ex
561 2312 679 2397 proprio
696 2311 809 2390 judicio
824 2311 925 2376 omnia
943 2321 1082 2395 peragat3
1109 2313 1270 2387 limitatam

162 2444 236 2488 vero
254 2445 327 2489 eam
345 2434 475 2501 uocant,
498 2425 536 2491 in
552 2447 612 2512 qna
633 2406 794 2510 Imperium
819 2410 897 2492 inter
924 2434 1020 2490 certos
1036 2425 1146 2491 limites
1171 2427 1270 2491 conti-

161 2547 291 2614 neatur,
319 2547 373 2603 aut
401 2540 441 2605 ad
469 2540 618 2624 praesidia
637 2531 711 2604 certi
727 2540 844 2622 generis
859 2541 1030 2623 usurpanda
1049 2542 1174 2608 aliorum
1191 2517 1269 2632 ¹corr·

159 2655 230 2719 silio
248 2655 395 2736 indigeat.
413 2654 491 2720 Mihi
511 2665 612 2719 autem
630 2674 666 2718 ea
684 2653 835 2745 distinctio
853 2673 968 2738 semper
985 2667 1123 2742 suspecta
1132 2660 1196 2724 visa
1205 2668 1266 2734 est,

159 2790 293 2856 eamque
309 2779 421 2857 natam¹
435 2770 570 2835 existimo
588 2791 627 2834 ex
644 2789 768 2833 erronea
785 2770 922 2854 opinione
931 2770 1003 2835 olim
1013 2773 1266 2857 frequentissima,

158 2906 224 2970 qna
250 2887 392 2950 absoluta
416 2894 548 2970 potestas
575 2905 645 2949 cum
671 2891 817 2969 potestate
845 2882 1024 2960 arbitraria,
1050 2887 1106 2950 etsi
1124 2908 1268 2970 magnum

158 3000 243 3064 inter
267 3021 319 3065 eas
343 3001 505 3065 discrimen
522 2998 675 3073 obtineat,
694 2999 768 3063 solet
789 2999 943 3063 confundi.
963 2999 1144 3065 Absolutum
1163 3021 1269 3085 nempe

158 3136 252 3185 omne
272 3115 436 3201 Imperium
455 3125 500 3180 est
519 3116 617 3202 quoad
635 3115 837 3180 summitatem
856 3134 963 3189 suam,
983 3115 1013 3178 id
1024 3123 1085 3189 est,
1103 3116 1181 3200 qnod
1192 3115 1267 3179 nulli

158 3211 344 3305 obnoxium,-
372 3229 449 3295 nihil
471 3249 507 3294 eo
533 3228 668 3315 superins
685 3229 744 3313 sit,
766 3238 797 3293 et
815 3228 894 3314 quod
913 3228 952 3291 ah
970 3249 1006 3292 eo
1026 3228 1167 3306 jubeatur
1188 3228 1271 3307 velut

154 3367 335 3431 supremum
356 3357 386 3410 et
409 3345 549 3409 ultimum
566 3344 680 3424 jussum
697 3347 756 3418 sit,
773 3343 823 3407 cui
840 3343 870 3409 vi
891 3342 1026 3406 resistere
1045 3342 1131 3406 nefas
1143 3350 1198 3406 est.
1209 3341 1270 3407 Sed

155 3461 182 3525 si
198 3482 309 3529 verum
324 3462 380 3537 sit,
400 3460 561 3545 Imperium
581 3463 691 3522 natura
707 3477 763 3521 sua
778 3457 950 3521 ahsolutum
970 3455 1049 3529 sive,
1068 3463 1104 3519 ut
1121 3455 1272 3540 propriam

154 3577 246 3642 verhi
258 3558 508 3661 significationem
525 3574 665 3647 reddam,
677 3569 843 3658 perfectum
855 3589 934 3645 esse,
945 3567 1029 3633 haud
1048 3568 1147 3633 minus
1166 3590 1272 3635 verum

154 3693 236 3758 illud
265 3693 298 3757 in
326 3689 505 3756 monarchia
525 3695 638 3753 eertum
659 3705 776 3773 quoque
797 3705 880 3758 esse,
904 3684 934 3748 id
961 3693 1023 3756 est,
1048 3679 1138 3746 certis
1157 3681 1274 3764 legibus

152 3807 442 3876 fundamentalibus
461 3802 639 3889 temperem,
660 3803 703 3866 ita
721 3809 756 3862 ut
775 3822 833 3863 non
849 3798 949 3862 omnia
968 3797 1050 3860 omni
1069 3797 1160 3859 modo
1180 3796 1271 3864 liceat

152 3924 298 4011 principi.
323 3923 361 3986 Et
387 3921 444 3984 hoc
470 3921 533 4004 ipso
558 3915 656 3981 differt
682 3915 763 3994 justa
790 3912 965 3977 monarchia
991 3931 1010 3974 a
1034 3911 1212 3993 despotismo
1240 3913 1271 3978 in

152 4062 214 4126 quo
235 4038 313 4102 nihil
329 4044 444 4114 certum
462 4044 505 4098 est
529 4035 596 4117 (l),
621 4031 672 4094 sod
692 4039 800 4094 cuncta
818 4049 854 4090 ex
875 4027 992 4110 privata
1004 4024 1144 4110 principis
1162 4026 1273 4091 volun-

151 4161 218 4214 tate
248 4157 403 4229 aguntur,
429 4164 505 4230 quae
543 4163 596 4226 pro
623 4139 788 4204 lactionum
813 4139 861 4204 vel
891 4157 1084 4222 personarum
1103 4140 1272 4204 mutatione

173 4296 213 4349 (l)
232 4289 277 4340 S'il
303 4290 344 4353 n'p
369 4305 382 4336 a
410 4287 469 4334 dnus
495 4285 563 4333 l'etat
588 4297 637 4346 que
659 4281 681 4328 la
708 4279 803 4328 rolonte'
829 4279 1000 4332 momentanee
1016 4287 1040 4329 et
1057 4284 1208 4347 cupricssonse
1225 4284 1283 4333 d'nn

139 4388 198 4437 seul
206 4423 216 4450 ‚
236 4385 291 4435 rien
310 4400 341 4433 ne
360 4388 420 4448 pout
438 4379 489 4429 etro
505 4379 563 4444 fise.
580 4401 613 4416 ··-
629 4375 759 4430 Monunio.
776 4391 814 4439 op.
832 4377 849 4422 t.
868 4373 901 4427 11.
918 4378 941 4424 4.
