2806 5324
593 415 646 494 89

58 601 146 673 mum
167 607 334 692 exemplum
352 605 489 692 praebuit
509 604 647 674 Potonia.
670 605 754 674 llaec
772 609 851 675 enim
872 629 941 674 com
963 629 1081 693 regem,
1111 610 1164 697 qui

59 744 121 788 uon
144 721 349 797 moriebatur,
374 744 433 788 oon
453 722 593 799 liaberet,
613 743 718 790 revera
737 743 834 812 neque
854 724 1048 801 monarchia,
1068 745 1163 811 neque

58 836 248 913 democratia
263 840 352 910 'erat3
375 855 411 900 ac
433 856 502 902 eum
519 834 595 902 nilril
610 846 704 911 esset,
727 858 745 903 a
761 814 868 905 ricinis
887 837 1027 922 gentibus
1044 840 1076 904 in
1094 861 1163 925 par·

58 960 107 1017 tes
127 952 248 1037 concisa
267 961 353 1036 rapta
371 960 433 1025 est,
454 950 537 1036 quasi
557 957 636 1015 terra
655 945 803 1036 quaedam
820 974 838 1018 a
860 953 980 1019 domino
996 954 1160 1029 derelicta,

57 1087 138 1154 quae
165 1067 262 1153 primo
280 1064 439 1151 occupanti
466 1064 595 1130 cederet.
627 1064 750 1132 Utinam
778 1076 882 1150 gentes
909 1069 980 1134 illae
1009 1090 1068 1135 non
1084 1078 1161 1135 'tam

58 1181 233 1253 ambitionis
257 1200 348 1255 suae¹
377 1198 467 1266 quam
497 1179 656 1266 aequitatis
685 1182 832 1248 rationem
865 1192 986 1250 secutae
1013 1164 1175 1261 luissent,

56 1306 151 1384 atque
171 1297 203 1362 in
220 1316 315 1361 unum
334 1292 559 1369 convenissent,
582 1313 641 1358 non
664 1303 698 1358 ut
717 1294 873 1363 Polooiam
893 1299 971 1364 inter
988 1318 1021 1364 se
1041 1299 1157 1365 divide·

55 1421 146 1488 rent,
163 1411 216 1476 sed
234 1418 268 1476 ut
286 1408 361 1495 ipsi,
381 1405 513 1474 etiamsi
532 1428 605 1494 opus
624 1404 727 1474 luisset
746 1410 876 1485 invitae,
900 1412 1047 1481 familiam
1063 1436 1159 1503 quan-

56 1523 131 1609 dam
151 1523 266 1608 regiam
291 1525 408 1590 darent.
435 1522 524 1589 Tunc
544 1521 623 1588 enim
643 1522 709 1588 sine
729 1524 821 1592 dubio
848 1527 1005 1614 antiquum
1028 1531 1104 1595 illud
1130 1539 1160 1595 et

55 1639 294 1727 pulcherrimum
313 1656 440 1722 reguum
458 1647 551 1708 staret
570 1637 671 1704 adhue
688 1647 718 1704 et
737 1638 856 1706 floreret
874 1642 984 1709 etiami
1018 1653 1022 1661 '
1094 1664 1096 1671 ·

104 1740 215 1823 Verum
234 1775 272 1819 ne
288 1752 401 1819 diutius
417 1752 559 1840 exemplis
583 1753 789 1831 immoremur,
816 1756 962 1823 rationem
983 1756 1160 1841 indagemus

55 1869 100 1937 ult
115 1888 206 1956 qnam
222 1867 384 1954 imperium
399 1866 581 1933 hereditarie
597 1868 758 1935 transmitti
777 1871 944 1937 necessario
963 1871 1082 1936 dehent.
1104 1871 1161 1938 Ni-

56 1984 172 2051 mirum
191 2003 278 2049 omne
298 1983 460 2068 Imperium
478 1990 653 2068 perpetuum
671 2001 735 2048 esse
750 1981 928 2068 requiritur:
947 1992 1065 2049 mortuo
1082 1985 1162 2049 enim

59 2109 116 2167 aut
143 2098 311 2184 interrupto
340 2112 528 2185 quocumque
556 2098 647 2161 modo
678 2096 823 2181 imperio,
847 2096 910 2182 ipsa
928 2098 1037 2164 civitas
1059 2108 1162 2184 pereat

59 2232 184 2280 necesse
201 2223 263 2290 est,
284 2232 353 2279 cum
372 2211 591 2298 sine-Imperio
614 2228 653 2277 ue
680 2230 775 2276 unum
802 2213 923 2299 quidem
944 2211 1025 2277 diem
1050 2211 1165 2279 serrari
1283 2288 1285 2294 Ι

60 2329 166 2416 possit.
190 2326 355 2394 Deficiente
372 2327 452 2401 enim
468 2325 596 2412 imperio
613 2327 745 2409 generali
760 2327 850 2393 totins
866 2326 998 2396 ciuitatis
1016 2329 1164 2399 voluntati

61 2443 182 2510 deesset
207 2452 354 2530 potestas,
384 2462 445 2529 qua
471 2442 510 2509 ad
533 2441 645 2508 exitum
671 2428 742 2508 duci
769 2451 885 2527 posset,
907 2444 1166 2512 et'commnoibus

60 2557 180 2626 uiribus
201 2557 307 2623 eadem
325 2558 440 2624 deesset
456 2566 606 2642 potestas,
626 2579 687 2644 qua
704 2558 769 2642 regi
786 2567 906 2643 possent
921 2558 960 2631 ad
978 2573 1166 2626 communem

63 2671 280 2740 defensionem.
304 2673 411 2759 ltaque
429 2672 481 2738 uhi
500 2673 661 2759 Imperium
682 2681 857 2759 perpetuum
876 2691 940 2738 esse
961 2674 1086 2749 desinit,
1111 2693 1166 2739 nec

64 2789 129 2879 ipsa
146 2789 255 2856 civitas
268 2808 391 2856 manere
408 2788 514 2856 civitas
532 2797 637 2873 potest.
660 2787 843 2874 Perpetuam
864 2797 965 2853 autem
983 2788 1087 2874 nequit
1103 2809 1169 2853 esse

65 2901 246 2994 Imperium,
268 2905 325 2970 nisi
344 2903 525 2970 hereditarie
547 2882 778 2977 lraosmittatur.

109 3020 154 3087 Ut
167 3041 240 3088 vero
254 3019 361 3085 melius
376 3018 475 3087 adhuc
490 3028 633 3105 appareat
649 3019 728 3085 hanc
742 3016 937 3084 monarchiae
952 3019 1048 3102 legem
1057 3024 1168 3086 ‘rev'era

68 3157 132 3203 esse
162 3133 438 3226 fundamentalem,
470 3133 636 3200 notandum
665 3142 729 3210 esi,
742 3133 837 3200 'illam
864 3154 900 3199 ex
927 3132 992 3221 ipsa
1019 3132 1170 3201 societatis

70 3234 210 3343 politidae
232 3261 341 3317 natura
363 3249 495 3335 proxime
517 3250 659 3318 derivari.
690 3248 812 3314 Scilicet
833 3248 864 3313 in
893 3248 1033 3324 civitate,
1056 3249 1088 3314 in
1110 3269 1180 3335 qua

68 3344 188 3457 'semper
204 3366 359 3452 respicitur
375 3365 415 3430 ad
434 3362 583 3442 familias,
601 3382 754 3451 nunquam
773 3364 811 3427 ad
830 3383 970 3448 personas
985 3360 1170 3445 singulares,

72 3497 201 3578 equae
219 3505 273 3571 per
296 3480 427 3549 familias
447 3489 599 3556 servatur,
621 3479 768 3562 generalis
788 3481 879 3546 etiam
906 3478 1037 3548 civitatis
1065 3478 1171 3542 voluto-

73 3615 118 3672 tas
140 3602 206 3670 sive
222 3608 332 3675 natura
353 3596 515 3682 Imperium
536 3591 686 3669 familiae,
707 3616 766 3660 uon
782 3615 854 3660 vero
870 3616 1013 3680 personae
1028 3593 1174 3679 singulari

75 3716 261 3789 committere
286 3710 453 3778 necessario
483 3709 597 3775 debuit.
628 3708 668 3773 Et
695 3706 753 3773 hoc
779 3708 868 3774 modo
891 3719 1000 3776 natura
1026 3710 1090 3796 ipsa
1116 3708 1175 3773 sihi

75 3854 181 3901 coram
202 3828 335 3897 servarit
351 3824 433 3893 ciros
450 3845 577 3912 magnos
597 3822 738 3898 creandi,
757 3821 873 3908 quoties
888 3822 919 3887 hi
939 3805 1175 3892 adservantem

76 3938 232 4017 civitatem
251 3940 410 4008 necessarii
429 3938 543 4010 essent;
569 3935 684 4001 civitati
706 3955 777 4000 vero
797 3956 901 4000 coram
918 3937 1099 4023 reliquit,ut
1117 3935 1176 4000 sibi

76 4034 168 4133 bonos
191 4081 278 4149 reges
299 4057 452 4126 formaret.
475 4051 590 4139 Nempe
612 4049 727 4120 civitati
749 4051 802 4115 ubi
819 4051 911 4117 semel
929 4036 1091 4144 copstituta
1111 4059 1175 4131 est,

67 4308 174 4360 mom
189 4288 254 4341 solet
268 4284 397 4353 mnrpari,
412 4297 462 4335 nort
479 4281 531 4333 rios
543 4282 601 4348 jore
616 4279 692 4330 dicits
724 4281 762 4331 eil
778 4286 815 4331 ert
831 4278 935 4346 difficile
949 4294 997 4346 pne
1014 4278 1096 4341 celui,
1114 4275 1130 4328 d
1145 4246 1191 4345 ptri
1243 4357 1248 4367 ,

68 4385 158 4458 sl'ltnt
174 4386 232 4436 r'eet
250 4381 349 4444 sendo,
365 4394 397 4430 ne
415 4378 438 4428 le
455 4374 533 4427 cende
547 4391 593 4442 pne
608 4374 624 4425 ri
640 4391 684 4426 sorr
701 4382 790 4430 lours.
808 4376 895 4434 Costr.
912 4371 972 4432 Soc.
985 4372 1032 4424 lll.
1048 4369 1072 4424 6,

1055 4465 1094 4530 12
1323 4494 1324 4497 ¹
