2806 5324
762 353 814 429 st

245 565 332 608 nrcns
355 540 490 634 Clericus
513 562 782 618 vero,.oomrnnnr
797 542 826 608 ll
848 540 959 615 frater,
984 540 1037 606 ubi
1060 541 1098 606 ad
1121 560 1244 626 regnum
1268 563 1355 631 per·

43 692 44 696 ¹
90 701 92 705 ·
158 741 162 746 ,
242 660 369 726 venisset
393 642 531 743 ¹(1100),
563 666 691 740 systema
712 656 833 722 laudale
856 677 873 720 a
895 666 980 741 patre
1001 677 1055 720 suo
1077 655 1251 734 inductum,
1282 661 1354 724 ali..

174 791 177 798 ·
242 783 389 859 quantum
412 783 576 856 temperare
589 771 722 853 studuit.
746 771 780 834 ln
797 790 886 856 quem
903 770 991 836 linem
1019 770 1217 855 promulgavit
1234 767 1353 838 Char--

192 952 198 963 ,⁵
239 892 302 950 tam
323 885 529 960 Liber-tntum,
552 905 612 970 qua
628 886 737 970 populo
759 893 789 949 et
811 884 986 970 praesertim
1002 884 1163 950 Nobilibus
1182 885 1279 949 multa
1298 905 1341 949 ao

238 1020 349 1082 magna
370 1000 526 1085 privilegia
547 998 702 1064 concessit.
725 999 813 1064 Hunc
835 1020 907 1066 vero
931 1000 1026 1065 secuti
1049 1008 1119 1064 sunt
1134 1021 1288 1074 ,nrrnrcos
1307 999 1341 1064 11

240 1114 301 1180 dux
319 1110 514 1196 Antegaviae
525 1113 653 1200 (libl);
673 1113 781 1178 deinde
796 1113 969 1180 arcannnsl
985 1109 1306 1198 GorLeonisllIS9)‚
1320 1133 1342 1178 a

239 1227 360 1312 quoius
376 1227 496 1294 lendale
506 1229 603 1294 denuo
611 1232 821 1313 propagatum
832 1235 861 1291 et
870 1226 1000 1311 denique
1010 1226 1353 1303 ronnurnssineterra,

242 1341 373 1427 (1199),
390 1343 442 1427 qui
455 1362 579 1424 magnos
594 1343 755 1411 vasallosa
772 1362 805 1406 se
821 1340 869 1407 ita
882 1340 1079 1415 abalienavit,
1098 1348 1131 1405 nt
1149 1339 1272 1408 tandem
1286 1339 1345 1409 vi·

240 1455 323 1520 ribus
342 1455 443 1522 confisi
462 1457 575 1523 bellum
592 1458 621 1521 ei
634 1457 819 1541 indicerent,
835 1475 964 1541 eumque
979 1457 1018 1521 ad
1035 1476 1167 1521 summas
1184 1456 1343 1540 angustias

241 1571 420 1654 redigerent.
452 1572 539 1637 Tunc
571 1571 655 1648 Rex,
683 1572 860 1637 necessitate
886 1580 1021 1647 coactus,
1053 1567 1190 1640 adhibito
1213 1571 1343 1636 consilio

242 1704 412 1783 procerum,
440 1686 581 1769 Magnam
607 1684 752 1751 Chartam
776 1684 836 1770 (tlte
861 1693 953 1774 great
971 1683 1117 1784 Charter)
1135 1685 1343 1769 promulgavit

130 1862 133 1873 s
245 1797 379 1884 (1215),
418 1820 478 1886 qua
507 1799 662 1884 privilegia
694 1802 874 1867 vasallorum
903 1810 934 1865 et
963 1799 1122 1885 praecipue
1149 1796 1354 1886 Magnorum.

242 1912 416 1992 Baranam,
439 1914 485 1979 uti
504 1924 665 1993 vocantur,
695 1915 898 1990 confirmarit;
920 1915 1086 2000 populoque
1110 1917 1261 1998 prospexit
1283 1935 1354 1983 ea·-

242 2029 355 2106 vendo,
378 2050 416 2096 ne
436 2038 616 2096 mercatores
637 2028 835 2114 vectigalibus
863 2039 894 2095 et
917 2029 1054 2115 portoriis
1082 2029 1247 2095 arbitrantis
1257 2050 1341 2116 pre-

241 2154 409 2220 merentum
433 2166 471 2211 ne
492 2146 606 2212 tributa
629 2140 851 2232 imponerentur
877 2145 941 2220 sine
969 2144 1240 2228 consensumagni
1263 2166 1353 2218 con-1

242 2257 320 2334 ollii,
345 2268 422 2324 caet.

109 2364 113 2372 “
160 2367 162 2373 ’
284 2371 330 2435 Ea
352 2383 452 2437 autem
474 2375 574 2440 omnia
597 2374 678 2440 lacta
699 2383 770 2441 sunt
788 2384 943 2461 postquam
962 2371 1073 2457 Anglia
1090 2394 1150 2458 per
1162 2373 1355 2460 plurajamj

240 2488 362 2552 saecula
386 2489 557 2582 exstiterata
589 2497 620 2554 et
647 2510 705 2574 quo
730 2489 820 2554 modo
845 2468 957 2572 Magna
978 2488 1098 2564 ‚Charta
1126 2497 1248 2574 pactum
1274 2487 1341 2553 diei

241 2604 349 2690 possit,
381 2604 460 2691 quod
492 2604 571 2669 inter
599 2604 740 2688 populum
772 2605 806 2675 et
833 2603 1032 2688 Imperantem
1064 2602 1253 2698 convenerit,
1287 2622 1342 2668 me

240 2699 361 2802 prorsus
375 2693 512 2802 ignorare
529 2720 658 2803 ingenue
675 2717 782 2783 fateor.
811 2717 891 2783 Nam
912 2718 1016 2783 sedulo
1035 2717 1272 2821 obserpandum,
1295 2719 1354 2793 ad-

240 2831 324 2897 illam
344 2833 559 2900 conficiendam
573 2833 743 2919 populum,
766 2831 905 2918 quitatis
932 2833 1022 2916 vulgo
1049 2831 1161 2896 dicitur
1183 2832 1246 2900 sire
1270 2832 1339 2916 ple·

241 2944 330 3022 bem,
353 2967 386 3011 se
406 2968 487 3014 mere
508 2949 626 3033 passive
642 2947 803 3024 babuisse,
826 2955 858 3013 et
878 2948 955 3012 solos
976 2945 1118 3022 Nobiles,
1142 2956 1176 3012 ut
1203 2968 1240 3011 ea
1266 2967 1340 3032 pro·

166 3064 168 3068 ’
239 3064 442 3156 aurigantur,
466 3062 596 3148 primum
616 3082 720 3128 ansam
741 3062 922 3148 praebuisse.
936 3111 938 3115 Α
952 3062 1032 3127 llinc
1053 3060 1145 3144 igitur
1165 3062 1255 3132 valde
1277 3062 1340 3127 mi·

239 3199 307 3245 rum
328 3177 449 3248 videtur
475 3187 613 3262 pactum,
632 3177 710 3264 quod
728 3177 807 3242 inter
824 3179 965 3263 populum
985 3184 1018 3240 et
1040 3173 1239 3259 Imperantem
1262 3198 1351 3249 conr

241 3279 361 3364 reabse
388 3292 504 3370 lentur,
529 3302 561 3359 et
575 3291 640 3360 veui.
658 3301 759 3359 temen
780 3291 903 3374 insignis
923 3311 992 3375 pars
1017 3288 1119 3386 populi
1140 3289 1341 3356 nullomodo

240 3409 420 3477 interfuerit.
443 3406 503 3474 Sed
520 3407 638 3474 etiamsi
655 3406 713 3474 boc
730 3428 790 3474 non
812 3407 856 3472 ita
874 3404 1067 3482 obtinuisset,
1087 3425 1134 3469 res
1151 3411 1250 3469 tamen
1270 3404 1352 3489 ipsa-

240 3523 354 3590 idcirco
371 3545 432 3589 non
448 3533 626 3590 mutaretur.
649 3524 810 3609 Imperium
833 3522 941 3609 quippe
959 3521 1152 3587 constitutum
1172 3522 1337 3601 jamerat,

240 3637 312 3705 licet
329 3638 360 3704 in
378 3637 558 3725 quibusdam
579 3638 685 3708 vitiose
703 3659 735 3703 se
753 3637 895 3714 baberet,
915 3632 1090 3722 praesertim
1107 3634 1145 3702 nb
1163 3632 1340 3700 inconstan-

240 3752 315 3844 tiam
333 3747 509 3839 principum.
533 3753 606 3818 lnde
634 3760 735 3818 autern
754 3752 866 3836 Magna
888 3749 1001 3817 Charta
1026 3746 1086 3817 non
1109 3747 1236 3836 pactum
1253 3747 1336 3826 fuit,

241 3867 295 3934 sed
324 3886 360 3932 ex
389 3867 454 3952 ipsa
485 3869 651 3954 temporum
682 3887 840 3963 rerumque
869 3867 1037 3937 conditione
1059 3864 1215 3940 na'taest,
1242 3873 1382 3948 atque.-

107 3981 114 3988 ’
238 3969 283 4047 ita
298 3981 431 4064 generali
447 3980 596 4047 societatis
617 3981 784 4050 voluntate·
801 3982 963 4047 constituta
988 3991 1049 4058 est,
1074 4001 1151 4068 quae
1179 3999 1339 4066 nunquam

239 4095 396 4162 arbitrarie
425 4097 506 4181 agit,
524 4096 581 4164 ,sed
606 4095 672 4181 pari
700 4117 790 4181 passu
818 4117 900 4162 curn..
916 4097 981 4182 ipsa
1008 4105 1115 4161 natura
1141 4105 1171 4160 et
1200 4105 1338 4179 tempore

239 4210 393 4294 procedit,
424 4232 560 4299 quaeque
590 4211 717 4298 Imperio
747 4207 920 4298 exprimitur
950 4229 987 4276 ae
1018 4211 1198 4275 declaratur.
1231 4207 1356 4287 Quare.

241 4322 333 4408 igitur
354 4334 418 4394 tam
440 4327 582 4406 historiae
602 4347 693 4416 quam
714 4327 823 4397 rationi
845 4326 1024 4406 conueniens
1046 4336 1091 4394 est
1104 4326 1227 4404 dicere,
1247 4321 1352 4408 Man,
