2806 5324
689 380 762 456 ill

162 591 244 634 vrus
279 591 336 636 non
366 540 566 636 differentiam
593 573 699 637 statuit
728 574 805 637 inter
832 572 1037 637 monarchiam
1059 572 1227 637 absolutam
1244 581 1274 638 et

108 756 110 785 ἱ
163 683 352 762 limitatam,
385 687 437 751 sed
465 707 683 773 quamcumque
712 687 916 752 monarchiam
936 685 1118 751 moderatam
1136 689 1266 772 appellat

108 798 111 819 ¹
166 800 514 884 (e'lat,‘gourerncmcnt
534 800 674 887 mode're‘).
697 802 802 887 Neque
820 803 903 866 illam
922 822 957 864 eo
980 801 1099 865 nomine
1114 803 1205 865 semel
1215 810 1268 867 aut

167 937 265 990 raro,
289 917 340 980 sed
364 917 473 1001 passim
493 937 546 1001 per
566 898 662 981 totum
684 919 921 1002 opusldesignat.
945 915 1005 1002 (l).

214 1030 354 1094 Tandem
376 1030 550 1095 monarchia
572 1033 819 1097 constitutionalis
837 1050 1048 1116 nonnunquam
1066 1029 1186 1113 Imperii
1204 1026 1269 1093 ior-

166 1164 221 1207 ma
240 1145 333 1207 mixta
363 1157 488 1209 vocatur
510 1140 751 1234 Quuocruement
775 1145 887 1231 mixte).
910 1146 1032 1211 Scilicet
1052 1145 1269 1209 constitutionis

166 1257 332 1336 cujuslibet
352 1258 417 1324 linis
436 1260 466 1324 id
488 1262 646 1346 praecipue
665 1272 798 1346 spectare
812 1264 901 1344 vulgo
925 1261 1051 1335 dicitnr,
1077 1268 1110 1325 ut
1130 1259 1267 1324 diversa-

164 1393 235 1437 rum
261 1381 442 1457 potestatum
470 1375 678 1460 aequilibrium
698 1378 915 1451 constituatur,
948 1396 984 1439 ex
1009 1395 1069 1460 quo
1086 1375 1268 1458 producatur

163 1488 265 1554 dorma
284 1489 402 1573 Imperii
419 1511 454 1554 ex
470 1491 566 1555 tribus
582 1493 740 1572 generibus
759 1492 819 1556 illis
835 1489 1044 1563 monarchico,
1057 1488 1261 1553 aristocratico

108 1596 110 1601 ⁵
163 1616 196 1670 et
212 1606 349 1691 populari
371 1606 543 1690 composita.
566 1606 676 1670 Verum
698 1627 788 1691 supra
811 1606 931 1669 abunde
953 1603 1183 1668 monstravimus
1202 1602 1263 1666 lut·

162 1721 282 1806 perium
304 1740 358 1784 sua
381 1730 489 1784 natura
516 1741 579 1785 esse
604 1745 695 1786 unrrm
721 1742 817 1807 neque
843 1721 874 1783 in
894 1720 1028 1784 diversas
1046 1727 1146 1803 partes
1163 1716 1261 1781 scindi

162 1855 269 1920 posse,
304 1835 375 1920 quin
394 1835 524 1901 civitatis
545 1839 627 1902 notio
649 1839 738 1923 plane
757 1836 886 1900 absurda
909 1832 1031 1898 oriatur.
1068 1831 1107 1897 Ar
1133 1833 1157 1896 si
1188 1831 1263 1895 haec

163 1958 209 2013 est
244 1949 362 2032 Imperii
391 1960 499 2016 natura
525 1953 556 2016 iu
582 1953 687 2038 quavis
712 1952 895 2036 reipublicae
926 1950 1051 2022 forma,
1085 1944 1121 2011 e'a
1162 1950 1259 2030 magis

162 2073 287 2128 certeet
307 2065 401 2147 magis
418 2067 584 2130 necessario
602 2075 647 2130 est
664 2066 695 2131 iu
715 2064 910 2137 monarchia,
922 2083 997 2148 quae
1013 2070 1116 2146 sponte
1129 2062 1261 2134 corruit,

163 2180 219 2242 ubi
257 2177 416 2264 imperium
433 2203 493 2247 uou
517 2182 642 2266 amplius
668 2202 761 2246 unum
787 2189 878 2266 atque
900 2177 1061 2245 indivisum
1079 2180 1170 2262 penes
1199 2175 1264 2239 Mo·

161 2292 314 2357 narcham
336 2295 386 2358 sit.

204 2410 286 2492 Ergo
295 2431 403 2475 nomeu
413 2411 532 2495 Imperii
541 2411 654 2477 formae
663 2412 791 2485 mixtae,
805 2411 830 2476 si
840 2411 877 2476 ad
889 2410 1013 2476 verbum
1024 2406 1184 2489 intelligas,
1193 2426 1262 2469 mo-

156 2524 304 2589 narchiae
328 2515 576 2593 constitutionalis
599 2550 657 2592 uon
685 2528 782 2610 magis
802 2547 892 2613 quam
921 2523 1114 2589 monarchiae
1132 2520 1261 2605 simplici
1294 2561 1297 2569 .

157 2641 321 2706 convenire
340 2653 452 2727 potest,
474 2664 509 2706 ac
526 2643 551 2707 si
572 2643 747 2716 conveniat,
769 2662 827 2705 uon
845 2641 971 2724 amplius
990 2636 1166 2703 monarchia
1188 2635 1256 2698 erit.

200 2755 313 2819 Verum
340 2756 364 2820 si
393 2757 511 2840 Imperii
537 2758 634 2822 lorma
661 2757 753 2821 mixta
777 2757 819 2820 ita
837 2757 1040 2838 intelligatur,
1062 2763 1097 2818 ut
1113 2750 1259 2833 significet

154 2870 305 2954 triplicem
330 2874 481 2955 quandam
506 2873 728 2938 commodorum
748 2872 811 2936 sive
830 2870 1060 2955 principiorum,
1077 2868 1121 2932 uti
1142 2888 1259 2933 vocan-

154 2993 224 3058 tur,
247 2986 465 3051 distinctionem
479 2999 494 3061 ,'
506 3009 631 3074 quorum
651 2987 683 3052 in
704 2987 941 3053 administranda
959 2985 1082 3049 civitate
1100 2982 1177 3046 ratio
1196 2981 1256 3044 ha-

156 3100 223 3164 beri
240 3101 348 3176 debet,
369 3122 476 3167 nomen
495 3105 570 3168 illud
589 3113 669 3168 recte
683 3104 803 3189 quidem
819 3095 1255 3165 monarchiaeconstitutionali

152 3214 319 3291 tribuitur,
341 3219 395 3283 sed
416 3239 532 3284 summo
552 3238 669 3304 quoque
690 3217 755 3296 jure
770 3216 962 3281 monarchiae
971 3214 1097 3299 simplici
1107 3212 1258 3297 competit.

153 3328 322 3395 Monarcha
342 3335 438 3410 enim,
457 3335 508 3420 qui
524 3344 614 3419 caput
636 3343 680 3399 est
700 3333 829 3401 civitatis
847 3352 916 3396 cum
924 3351 978 3395 sua
986 3337 1131 3415 potestate
1139 3345 1252 3411 suoque

153 3457 308 3512 momento
326 3449 356 3512 iu
377 3469 445 3523 eos,
467 3449 517 3535 qui
537 3449 663 3534 publicis
680 3449 856 3513 muneribus
876 3445 1056 3528 funguutur,
1078 3442 1257 3528 principium

151 3550 381 3629 monarchicum
400 3564 564 3630 coustituit.
587 3565 772 3651 Principium
790 3585 862 3633 vero
884 3560 1122 3628 aristocraticum
1141 3557 1257 3644 proprie

150 3697 189 3741 ac
206 3679 365 3763 praecipue
383 3681 503 3766 quidem
524 3690 748 3766 repraesentant
765 3679 907 3754 Nobiles,
927 3697 1003 3764 quae
1022 3682 1192 3761 separatum
1210 3672 1259 3735 fa·

151 3793 238 3857 ciunt
264 3795 412 3872 ordinem,
455 3805 520 3861 tum
549 3796 640 3862 etiam
668 3796 731 3870 illi,
758 3794 809 3880 qui
829 3794 947 3877 magnis
966 3793 1071 3878 opibus
1087 3793 1199 3878 pollent
1226 3795 1257 3851 et

149 3895 311 3975 latissimos
339 3910 462 3975 fundos
476 3912 637 3997 possident.
676 3910 722 3976 Ac
750 3911 872 3976 tandem
897 3907 1075 3994 principium
1101 3910 1256 3973 democra·
1351 3892 1355 3901 ⁵

150 4023 246 4088 ticum
265 4026 429 4090 sustinetur
445 4027 483 4090 ab
501 4026 653 4100 omuibus,
673 4025 723 4110 qui
743 4045 838 4110 neque
854 4026 970 4106 generis
985 4023 1141 4110 splendore
1155 4038 1252 4105 neque

146 4158 290 4221 agrorum
314 4141 445 4207 dominio
467 4159 539 4229 prae
561 4142 686 4207 caeteris
708 4150 778 4207 sunt
799 4141 940 4225 insignes.

175 4315 216 4378 (t)
243 4313 297 4373 Sic,
321 4319 348 4362 ut
371 4329 412 4366 scu
430 4320 523 4365 tuntum
541 4316 631 4383 priores
648 4316 701 4381 cius
718 4315 797 4383 operia
815 4315 890 4366 libros
907 4328 1046 4383 percurram
1063 4313 1096 4367 cl.
1113 4311 1162 4366 lli.
1182 4309 1208 4364 9.
1230 4311 1267 4364 to.

135 4410 168 4460 V.
189 4410 229 4459 tt.
249 4404 289 4464 lb.
309 4405 500 4462 vt.2.9.16.
