2806 5324
569 341 572 349 ’
609 316 612 325 ’
703 355 779 433 su

700 546 770 622 XL
898 552 902 561 .

240 727 484 831 lmprohamos
507 731 597 834 legis
620 733 849 826 institutum,
874 756 945 832 quo
972 676 1208 842 trihuualihus
1220 735 1277 835 ju·

126 849 325 932 dicium
350 857 563 934 illico-ferre
584 858 669 934 licet
688 858 731 977 de
755 854 884 933 delicto
906 859 942 931 iu
965 856 1099 956 judicis
1125 872 1277 935 contem·

127 990 269 1058 tum
286 988 473 1060 commisso
485 984 561 1082 (vid
577 980 893 1060 artu505e1506
903 984 965 1061 W
963 987 1107 1059 ethera
1119 983 1278 1088 strofa.)

699 1199 787 1273 ΧΠ.

237 1385 341 1480 Quae
358 1389 395 1459 in
411 1386 494 1487 jure
515 1384 692 1462 criminali
706 1385 874 1458 relatione
891 1383 1112 1485 appellantur
1129 1385 1281 1462 theoriae

126 1509 300 1587 falsae
324 1512 425 1586 nohis
451 1539 525 1587 esse
551 1512 726 1588 videntur.

684 1725 794 1805 xm.

233 1911 446 1989 lllonarchia
471 1915 789 2010 constitutionalis,
813 1940 903 2015 quae
927 1911 1031 1988 hodie
1044 1913 1194 2008 dieitur,
1207 1939 1276 1985 uon
1386 1910 1389 1917 ’

152 2053 280 2112 nova
307 2053 360 2114 est
384 2042 531 2142 Imperii
549 2043 682 2137 forma,
710 2053 811 2117 antea
838 2042 1038 2140 incognita,
1057 2038 1119 2112 sed
1132 2052 1280 2138 ,estape-

164 2167 260 2239 εἰει
293 2177 429 2240 tantum
461 2168 581 2269 aliqua
606 2168 854 2263 monarchiae,
879 2191 969 2267 quae
992 2163 1134 2265 quidem
1160 2162 1278 2265 quoad

178 2312 308 2363 veram
345 2294 564 2369 monarchiae
597 2307 756 2369 naturam
790 2291 882 2366 nihil
909 2294 994 2366 novi
1019 2290 1145 2384 hahet,
1172 2292 1279 2388 inque

182 2415 352 2490 omnihus
386 2419 645 2513 monarchiam,
681 2419 798 2519 qualis
832 2443 967 2516 semper
988 2418 1081 2515 fuit,
1104 2418 1275 2515 sequitur.

192 2538 412 2618 constitutio
432 2548 551 2638 euim,
576 2573 596 2617 a
622 2571 691 2644 qua
722 2571 845 2617 nomen
872 2546 1029 2640 accepit,
1054 2554 1089 2615 et
1110 2567 1199 2641 quae
1226 2554 1278 2614 est

189 2667 248 2741 lcx
267 2668 438 2767 quaedam
462 2673 611 2769 scripta,
635 2673 667 2743 si
684 2683 776 2744 recte
793 2671 1018 2768 inspiciatur,
1038 2668 1129 2740 nihil
1144 2666 1278 2766 uhiquc

185 2796 342 2879 continet
376 2797 445 2871 uisi
471 2799 564 2896 ipsas
592 2796 687 2897 leges
713 2794 990 2868 fundamentales
1007 2819 1049 2866 ex
1074 2818 1191 2866 rerum
1221 2819 1278 2863 na·

186 2932 267 2994 tura
304 2916 501 3015 derivatas,
538 2921 668 3020 quihus
694 2919 914 3014 monarchia,
940 2945 1039 2992 secus
1063 2930 1168 3019 atque
1185 2916 1280 2991 aliae

182 3046 332 3156 Imperii
356 3047 506 3139 formae,
529 3049 723 3121 necessario
749 3050 896 3140 nititur,
916 3045 1045 3120 additis
1061 3037 1168 3119 simul
1183 3044 1273 3145 lepi-

181 3170 250 3243 hus
281 3171 491 3271 quibusdam
526 3173 704 3271 politicis,
734 3200 823 3272 quae
844 3186 905 3247 aut
928 3173 1217 3272 amplificationes
1242 3186 1277 3246 et

181 3296 282 3370 velut
321 3300 581 3370 consecutiones
615 3311 698 3371 sunt
723 3302 876 3396 ipsarum
900 3299 1017 3399 legum
1038 3299 1275 3371 fundamenta·

180 3421 375 3514 lium,.aut
397 3423 543 3496 formam
560 3425 822 3523 praescribunt,
845 3425 976 3525 quihus
1000 3424 1144 3497 illarum
1163 3422 1275 3497 ohser-

181 3551 302 3622 vantia
323 3562 490 3624 servetur.
514 3550 702 3650 Ejusmodi
729 3563 845 3625 autem
868 3552 965 3652 leges
989 3551 1157 3649 politicae
1183 3550 1273 3623 olim
1394 3607 1397 3614 .

178 3699 321 3775 qnoque
336 3677 373 3748 iu
389 3680 516 3776 quavis
532 3678 753 3772 monarchia,
767 3680 873 3751 etiam
889 3703 956 3750 nou
967 3677 1272 3769 constitutionali,

177 3800 325 3876 aderant
356 3803 518 3904 quidem,
546 3833 625 3879 cum
653 3804 698 3877 ad
725 3805 820 3904 leges
845 3802 1121 3878 fundamentales
1151 3832 1266 3880 neces·

175 3930 271 4002 sario
291 3933 509 4027 pertineant,
538 3930 687 4005 sednon
710 3945 780 4006 tam
804 3942 918 4004 certae
944 3957 984 4003 ac
999 3930 1142 4005 stabiles
1151 3943 1271 4025 crant,

171 4066 209 4126 et
254 4055 459 4156 allegihus
480 4060 587 4132 nimis
614 4059 717 4133 facile
739 4069 898 4157 poteraut
925 4057 1005 4131 tolli
1032 4072 1095 4130 aut
1123 4060 1277 4153 mutari,
1368 4132 1369 4136 ,

175 4208 249 4279 quo
274 4208 374 4281 saepe
399 4187 494 4282 ipsae
515 4184 610 4284 leges
627 4183 908 4259 fundamentales
929 4185 1008 4284 plus
1024 4187 1185 4258 minusve
1203 4187 1276 4257 vio·

174 4305 343 4383 latentur.
375 4310 418 4383 ln
453 4307 803 4388 constitutionalihus
833 4338 914 4387 vero
938 4311 1151 4389 monarchiis
1177 4313 1274 4412 leges
