2806 5324
604 347 656 422 53

69 542 195 620 ceptam
205 533 316 599 referre
327 535 377 600 ilia
386 545 521 621 possunt,
533 558 601 600 oum
620 516 703 603 dulia
722 538 760 603 sit
778 540 841 611 lex,
854 559 929 625 quae
940 539 1029 623 possit
1040 543 1168 627 exsequi.

71 649 160 711 ldcm
171 649 253 715 valet
267 649 408 714 demultis
424 651 549 733 negotiis
567 651 605 714 ad
623 651 769 715 internam
787 651 917 717 civitatis
939 653 1173 720 administratio·
1201 681 1206 695 ·

71 786 143 830 nem
169 763 407 848 pertinentibus,
426 766 464 830 de
488 765 595 852 quibos
614 767 660 830 tex
678 775 767 852 antea
785 765 855 829 ferri
873 766 984 852 nequit.
1008 768 1051 832 Ex
1072 779 1171 833 nostra

74 901 168 950 uero,
180 899 270 977 mam
281 876 434 954 dedimus,
446 882 598 964 potestatis
607 882 779 948 executivae
789 880 958 945 definitione
969 884 1118 968 sequitur,
1133 884 1171 948 ad

34 1002 37 1004 ’
74 1013 145 1059 eam
166 990 271 1056 referri
298 1013 418 1076 qnoque
436 994 536 1058 omnia
554 995 690 1077 negotia,
713 1014 791 1079 quae
809 1015 899 1058 eausa
922 992 1118 1072 obveniente,
1139 996 1170 1063 vi

72 1107 190 1172 Summi
201 1105 340 1189 Imperii,
365 1127 383 1170 a
406 1106 536 1192 principe
559 1108 757 1181 definiuntur,
781 1109 864 1172 nulla
881 1111 1170 1194 praecedente-iege.

79 1241 81 1257 ¹
117 1221 163 1284 Ex
180 1219 290 1304 quibus
307 1218 415 1284 deinde
431 1242 551 1306 quoque
570 1230 671 1306 patet,
689 1222 770 1286 bisce
780 1224 975 1307 potestatibus
985 1247 1043 1289 non
1054 1226 1172 1292 diuersa

72 1355 161 1421 posse
179 1335 273 1419 tribui
291 1334 430 1413 objecta,
449 1355 503 1400 neo
521 1337 670 1401 diversum
686 1336 775 1401 finem
796 1340 833 1402 ad
851 1359 940 1423 quern
957 1339 1087 1425 proxime
1105 1349 1171 1406 ten·

71 1449 168 1522 dunt;
187 1449 343 1514 nonenim
362 1448 504 1515 different
521 1451 581 1516 nisi
595 1451 707 1543 formo.
731 1452 894 1532 Quodlibet
911 1454 983 1552 legis
1004 1455 1170 1532 objectum,

71 1563 227 1643 obiectum
244 1565 334 1630 simul
352 1565 506 1649 potestatis
523 1565 696 1633 executione
715 1575 776 1629 est:
798 1587 981 1652 quamquam
1000 1589 1036 1632 ex
1054 1570 1172 1634 diverso

71 1699 134 1742 non
153 1677 253 1742 omnia
273 1678 393 1758 objecta
410 1698 473 1743 esse
492 1687 613 1763 possunt
631 1679 816 1760 legislativae
834 1682 1005 1763 potestatis,
1025 1702 1093 1745 cum
1112 1703 1171 1748 uon

71 1791 175 1858 omnia
201 1792 287 1856 adid
309 1804 378 1879 apta
396 1794 475 1867 sint;
499 1813 604 1861 verum
624 1794 725 1857 omnia
743 1815 952 1879 qrraecumque
973 1790 1090 1879 negotia
1108 1796 1172 1860 sine

69 1910 245 1994 exceptione
271 1909 309 1973 ad
337 1909 525 1973 executiram
541 1916 719 1992 potestatem
737 1909 904 1992 pertinent,
931 1931 999 1974 oum
1017 1931 1104 1975 omne
1121 1911 1170 1988 id,

71 2026 155 2111 qnod
175 2026 214 2094 ad
233 2024 364 2091 civitatis
383 2023 539 2088 consilium
558 2032 691 2107 spectat,
713 2044 772 2087 non
791 2022 845 2086 nisi
867 2024 898 2087 in
916 2025 1014 2089 causis
1030 2025 1171 2111 speciali·

36 2144 42 2149 ’
71 2140 131 2205 bns
148 2139 238 2224 possit
255 2138 330 2202 effici
350 2139 410 2224 (l).
434 2136 530 2203 Multo
550 2137 641 2201 latius
659 2136 751 2220 igitur
771 2137 926 2206 executivo
945 2157 1036 2221 quam
1054 2139 1171 2222 legista-

74 2253 142 2319 tiva
163 2273 228 2318 sese
249 2252 391 2317 extendit.

119 2367 150 2431 N
155 2387 195 2432 ec·
208 2367 347 2446 objicias,
373 2365 428 2430 ubi
445 2365 482 2430 de
498 2386 554 2430 usu
573 2365 690 2448 agitur,
711 2367 837 2432 eandem
857 2359 936 2433 banc
954 2366 1172 2433 distinctionem

73 2491 220 2566 perpetuo
237 2490 266 2545 et
287 2480 410 2545 firmiter
426 2482 539 2547 servari
560 2503 617 2546 non
636 2503 737 2567 posse,
761 2492 873 2547 utnon
894 2484 1057 2568 aliquando
1073 2486 1169 2568 tegern
1217 2490 1228 2562 J
1321 2500 1325 2509 ·

71 2597 165 2660 simui
190 2616 259 2659 cum
285 2595 366 2659 illius
392 2595 565 2660 executione
592 2619 651 2662 nno
681 2598 846 2683 eodemque
865 2599 980 2664 Summi
998 2600 1173 2685 Imperantis

74 2719 147 2776 actu
176 2710 419 2796 comprehensam
435 2711 607 2786 videamus,
637 2721 668 2774 et
683 2733 771 2796 saepe
790 2715 870 2795 leges
888 2714 950 2793 jam
966 2713 1084 2778 initium
1102 2734 1170 2778 exe·
1192 2719 1197 2730 '

74 2816 203 2890 cutionis
220 2826 404 2892 contineant.
427 2826 507 2891 Nam
526 2827 583 2904 hoc
602 2826 675 2891 nibil
694 2826 837 2891 adversos
853 2828 1020 2892 doctrinam
1039 2836 1171 2894 nostram

73 2937 200 3023 probat,
219 2958 297 3024 quae
313 2950 434 3016 manet,
454 2941 524 3006 licet
543 2961 604 3005 uno
622 2925 693 3006 actu
708 2939 868 3024 Imperium
886 2942 1046 3028 utramque
1063 2942 1170 3026 agendi
1264 2962 1267 2972 “

73 3051 205 3116 formam
225 3063 373 3119 exerceat.

120 3165 266 3245 Quamvis
282 3169 385 3254 itaque
403 3169 522 3234 omnino
538 3170 735 3234 concedamus
754 3168 872 3253 Imperii
890 3169 1005 3249 juribus
1018 3169 1170 3255 quandam

73 3277 256 3345 diversitatis
281 3284 430 3350 notionem
454 3284 571 3364 inesse,
600 3304 679 3368 quae
701 3284 898 3350 distinotionis
917 3286 1059 3370 praebeat
1079 3305 1168 3367 argu-

66 3405 228 3472 mentum,
255 3414 360 3464 reuera
386 3407 487 3474 tamen
508 3418 650 3481 negamus
669 3416 705 3460 ex
721 3418 756 3462 ea
778 3399 966 3465 distinctione
980 3399 1079 3466 varias
1098 3420 1168 3467 con·

74 3509 159 3575 stitui
175 3530 259 3596 posse
275 3518 433 3597 potestates
450 3510 550 3578 civiles
567 3513 630 3578 sive
648 3522 747 3598 partes
765 3511 899 3598 imperii,
920 3533 995 3601 quae
1010 3514 1170 3599 separatim

75 3633 107 3691 et
124 3623 356 3714 independenter
372 3627 430 3692 sint
450 3628 689 3713 penesdiversas
707 3648 845 3713 personas
857 3637 909 3693 aut
920 3628 1037 3696 diuersa
1047 3650 1170 3718 corpora

75 3740 211 3820 eiusdem
232 3743 380 3818 civitatis,
400 3742 444 3807 ita
462 3751 496 3807 ut
513 3741 636 3824 singuli,
656 3763 746 3827 quam
762 3752 877 3828 partem
894 3743 1021 3822 babent,
1039 3765 1171 3822 eamsno

75 3854 143 3933 jure
169 3856 344 3933 obtineant,
360 3866 404 3947 et
430 3857 546 3942 proprio
569 3866 608 3920 'ex
636 3857 748 3934 iudicio
775 3869 940 3925 exerceant.
963 3859 1072 3925 Nostra
1090 3858 1170 3924 enim

98 4055 143 4119 (i)
157 4053 244 4106 Primis
268 4057 367 4121 quidem
388 4054 538 4123 temporibus
561 4070 631 4120 reges
656 4057 705 4106 rive
725 4054 818 4106 Sommi
847 4056 995 4124 imponentes
1010 4056 1041 4107 de
1066 4054 1179 4106 omuibus
1253 4116 1257 4123 Ι

63 4146 141 4217 rebus
167 4125 272 4215 stituere
298 4150 422 4214 nolebant,
448 4155 520 4217 prout
546 4149 675 4198 necentur·
691 4149 717 4198 in
732 4149 816 4213 quovis
834 4166 906 4199 osnes
925 4151 1020 4214 exigere
1030 4149 1175 4216 ,ridebatur3

59 4242 314 4312 nullis-praescriptio
339 4251 409 4295 antea
437 4244 526 4308 reputt·
553 4243 721 4307 generalibus,
746 4242 812 4306 quod
840 4243 870 4292 de
894 4241 1057 4296 Romanorum
1080 4244 1177 4311 regibus

62 4330 148 4389 uniret
162 4338 305 4397 coutentes
322 4337 388 4390 t'nzt.
405 4338 428 4387 2.
444 4336 459 4406 ς
483 4337 508 4390 t.
523 4338 544 4387 e
557 4337 588 4387 de
604 4336 636 4390 0.
656 4335 682 4393 3,.
767 4336 770 4340 ’

1147 4838 1328 5000 Α
