2806 5324
591 364 641 439 13

71 548 153 611 inter
180 566 215 611 se
228 550 441 634 aequalitatem
458 548 599 638 probent,
623 554 678 620 troo
697 563 871 638 argumento
890 564 1034 620 utuntur:
1058 580 1072 615 o
1084 559 1158 623 Oru-

74 695 90 730 »
101 665 333 739 nes'homines,
358 674 422 729 tam
447 668 646 752 imperantes,
671 690 763 754 qnam
786 669 936 742 subditos,
959 679 1020 733 tarn
1039 692 1157 746 serros,

73 800 194 866 »quarn
213 781 365 858 dominos,
384 781 491 846 iisdem
506 784 610 858 matis,
630 785 769 868 vitasque
788 783 983 848 incommodis
992 795 1020 847 et
1031 787 1157 848 necessi-
1216 868 1220 881 Ι

73 899 214 965 »tatibus
242 897 381 962 obnoxios
398 917 460 962 esse
472 923 502 969 n,
527 935 571 949 ω-
591 899 680 962 etsie
699 899 798 963 statim
818 919 939 962 oausam
958 898 1062 963 risisse
1078 899 1154 962 arbi·

69 1021 208 1089 trantnr,
227 989 320 1076 'eum'
334 1034 370 1083 ex
399 1034 455 1077 suo
483 1023 657 1095 argumento
679 1023 781 1096 sponte
800 1034 918 1099 quoque
934 1013 1083 1087 interant,
1100 1035 1160 1076 non

69 1129 166 1192 etiarn
197 1139 336 1194 naturam
366 1146 545 1215 quemquam
582 1128 668 1190 atteri
693 1128 869 1206 subjecisse,
898 1127 1085 1212 «quoniam,
1115 1128 1158 1190 nti

72 1240 355 1326 ›sajonupnystcae
373 1251 402 1305 et
418 1242 545 1306 moratos
560 1241 761 1325 superationes
776 1263 835 1305 uon
853 1243 922 1304 hnic
942 1241 1023 1325 ittire
1042 1242 1158 1323 generi,

70 1355 147 1420 »vo
172 1353 242 1420 huie
266 1357 349 1422 ittiue
376 1335 536 1421 conditioni
565 1355 741 1427 hominnm,
772 1355 897 1419 exclusis
919 1355 1000 1428 aliis,
1024 1355 1159 1439 propriae

70 1469 197 1533 ›r'siotn
227 1468 359 1536 Videtur·
374 1479 476 1534 tamen
500 1470 611 1552 ingenii
630 1492 755 1535 acumen
776 1470 858 1536 haud
871 1489 1012 1551 magnum
1030 1471 1159 1555 requiri,

67 1594 106 1648 ut
122 1584 265 1662 ejusmodi
283 1594 524 1667 argumentorum
540 1583 667 1669 ineptias
686 1584 907 1669 deprehendere
927 1585 1027 1648 liceat.
1042 1585 1162 1665 Etenim

67 1699 114 1762 ab
133 1718 194 1762 una
211 1700 332 1784 quidem
349 1709 437 1784 parte
453 1701 533 1764 mata
552 1708 582 1764 et
600 1700 793 1764 necessitates
811 1701 873 1764 sive
882 1700 1081 1782 indigentiae,
1094 1699 1161 1783 qni·

68 1813 128 1877 bus
147 1824 248 1880 omnes
265 1815 412 1881 ‚domines
426 1816 467 1878 ub
482 1815 576 1899 ipsam
595 1822 733 1878 naturam
751 1817 863 1899 pariter
879 1817 1097 1895 subjiciuntur,
1120 1815 1160 1879 ad

67 1948 152 2005 rem,
166 1931 210 1995 'de‘
226 1946 288 2015 qua
304 1931 427 2012 agitur,
439 1929 519 1995 nisit
532 1929 791 2007 omninoirneiunt,
812 1930 883 1995 Sine
902 1932 995 1996 dubio
1008 1932 1161 2016 Imperan-

69 2048 238 2128 tusaeque
266 2059 302 2107 aa·
323 2044 447 2108 subditi¹
466 2034 562 2119 fame,
588 2044 654 2118 siti,
674 2023 766 2120 febri,
785 2046 969 2130 caeterisque
991 2047 1162 2111 morborum

67 2156 158 2224 nara
187 2159 331 2225 laborare
352 2166 491 2241 possunt,
513 2156 574 2222 inno
595 2158 707 2231 soient,
733 2176 837 2223 rerum
859 2178 901 2222 an
920 2158 990 2222 inde
1011 2159 1095 2244 sequi
1116 2160 1162 2225 di-

68 2286 191 2349 cemus,
226 2292 329 2354 regern
358 2293 420 2338 non
448 2271 631 2357 superiorem
661 2291 725 2336 esse
755 2272 900 2336 subdito?
923 2312 966 2327 -
996 2272 1046 2338 Ab
1069 2274 1168 2341 altera

67 2408 143 2456 vero
159 2396 259 2473 'parte
281 2408 346 2450 ‘non
367 2386 577 2468 tnrettgtnus,
596 2379 654 2449 'nni
677 2386 714 2449 de
737 2385 908 2453 homiuibus
931 2389 1094 2473 loquuntur
1114 2410 1163 2454 so·

67 2502 191 2568 dietatis·
210 2501 329 2569 arsuro
351 2499 482 2565 nondum
505 2500 692 2578 conjuretis,
716 2523 776 2588 qua
788 2503 904 2568 ratione
914 2503 1125 2589 lroperarrtium
1134 2515 1167 2571 et

66 2615 674 2694 subditorum,serrorumet.donrinorurn
685 2616 1164 2685 distinotiouesabiisafferantm.

67 2730 237 2795 Non'enim
256 2718 339 2795 entra
360 2728 514 2796 civitatem
534 2731 599 2796 dari
619 2742 740 2817 possunt
756 2733 938 2818 imperantes
954 2743 1010 2798 aut
1030 2735 1162 2808 subditi,

66 2853 100 2908 et
121 2844 330 2909 distinctiones
356 2847 635 2932 illasomuespost
661 2846 853 2913 constitutam
871 2849 991 2912 dearum
1009 2847 1164 2940 ciuitatem

66 2961 172 3025 beorn
193 2957 348 3047 'accipere
361 2961 492 3025 dubitari
505 2963 634 3047 ’nequit
664 2962 695 3026 Si
725 2983 795 3030 reru
816 2963 914 3027 adsint
933 2964 1119 3048 imperantes.
1132 2973 1165 3028 et

65 3073 254 3149 sorduisti
272 3075 360 3138 simut
383 3075 473 3139 etiarn
487 3077 648 3142 'civitatem
665 3078 874 3163 et‘tmperinru
896 3079 1008 3144 adesse,
1018 3082 1165 3165 probanti

65 3197 100 3253 et
118 3188 202 3254 iacta
222 3173 412 3256 distinetione
428 3191 505 3257 inter
522 3194 705 3277 imperantes
723 3203 753 3258 et
770 3194 898 3270 subitos,
917 3195 1019 3277 negari
1035 3218 1093 3260 nou
1110 3219 1163 3282 po.-

64 3312 142 3377 test,
161 3304 342 3389 imperantes
355 3326 415 3370 non
428 3307 576 3382 subditos,
597 3328 652 3372 nee
672 3307 806 3372 subditos
820 3308 1019 3393 Imperantes‘,
1038 3330 1093 3373 nes
1112 3331 1162 3377 eos

64 3419 147 3484 adeo
157 3421 304 3505 aequatos
316 3422 376 3486 sitsi
392 3421 519 3491 inuicem
539 3443 612 3488 esse.
627 3439 630 3444 ·
643 3461 687 3473 -
708 3423 845 3487 Tandem
863 3442 954 3487 sanae
972 3443 1090 3509 qnoque
1108 3447 1160 3491 ra-

62 3520 145 3598 tioni
168 3543 263 3620 atque
278 3536 336 3621 ipsi
364 3538 561 3623 experientiae
574 3556 677 3624 ‘quam
703 3537 832 3602 maxime
849 3538 1161 3614 adversatur,'va1ios

61 3648 149 3712 inter
162 3648 297 3716 tornines
317 3646 535 3727 conditionum,
554 3652 714 3728 honorum,
732 3653 972 3738 dignitatumque
981 3655 1091 3737 gradus
1099 3658 1160 3725 nun

62 3780 83 3825 a
99 3764 231 3827 naturali
247 3767 379 3849 quadam
397 3764 549 3831 intereos
566 3760 783 3852 inaequalitate
801 3770 977 3854 repetendos
992 3789 1065 3835 esse.
1093 3771 1160 3835 Ho-

61 3874 146 3940 noris
160 3875 239 3940 enim
258 3888 287 3942 et
308 3879 462 3962 dignitatis
478 3881 560 3945 notio
579 3881 656 3945 ultro
673 3883 816 3957 ostendit,
837 3884 911 3947 alios
930 3886 1030 3950 animo
1042 3887 1159 3967 ingeni-

60 4012 145 4077 oque
157 4013 225 4080 esse
235 3993 413 4079 superiores,
433 3995 510 4059 alios
526 3994 786 4070 serointeriores3¹
797 4005 888 4082 atque
904 3999 955 4062 nbi
972 4001 1046 4063 otios
1062 4001 1159 4084 irnpe-

60 4127 147 4183 rare,
168 4108 242 4173 alios
255 4128 360 4194 parere
376 4104 527 4186 ridemus,
548 4110 643 4174 multe
662 4109 787 4194 aequius
805 4121 834 4176 et
850 4114 958 4178 rationi
974 4114 1071 4197 magis
1087 4137 1169 4181 sou-1

59 4232 237 4288 sentanennr
255 4231 316 4298 est,
334 4222 412 4288 hane
425 4243 535 4288 euram
547 4223 762 4304 subjectionem
778 4227 810 4292 in
826 4229 1081 4316 morati-quadam
1098 4233 1160 4296 im-

58 4337 231 4424 perantium
251 4338 436 4428 praestantia
454 4358 545 4426 quarn
558 4340 590 4408 in
607 4341 703 4413 torro
719 4343 838 4412 illorum
857 4347 982 4415 arbitrio
1004 4369 1163 4438 reponere..
