2806 5324
653 400 729 478 153

139 587 320 664 tutiounm,
339 587 448 674 quibus
464 585 553 654 hodie
571 586 729 674 pleraeque
747 588 938 654 monarchiae
956 569 1099 665 utuntur,
1117 592 1193 656 ratio
1212 599 1241 658 el

142 702 215 767 finis
234 702 372 786 explicari
391 703 511 767 debent.
534 703 616 782 Quid
635 705 714 768 enim
733 704 768 769 iis
786 705 979 771 continetur?
998 705 1029 770 in
1047 705 1183 769 omnibus
1201 727 1244 769 sc.

145 819 280 904 primum
305 838 341 882 ac
366 818 523 902 praecipue
546 818 708 902 descriptas
727 819 893 897 inuenimus
911 819 990 901 leges
1008 819 1246 883 fundamentales

147 933 317 1007 naturales,
338 931 446 1016 quihus
462 931 622 1015 Imperium
643 933 673 995 in
693 932 867 997 monarchia
885 932 1049 996 necessario
1067 940 1248 1015 temperatur

141 1065 188 1136 ¹ac
209 1046 338 1126 regitur,
363 1047 481 1111 etiamsi
499 1047 584 1112 nulla
603 1047 680 1112 adsit
698 1048 746 1112 lex
761 1047 902 1131 positiva,
919 1066 977 1131 qna
997 1047 1079 1128 leges
1098 1043 1266 1122 illaefun·¹

149 1157 331 1222 dementatis
357 1159 474 1242 scriptis
502 1160 692 1225 mandentur.
716 1159 833 1225 Deinde
850 1179 940 1235 vero,
961 1167 1080 1244 praeter
1095 1156 1151 1251 has
1169 1156 1250 1237 leges

148 1271 392 1337 fundamentales
411 1275 578 1347 naturales,
607 1275 717 1340 multas
733 1275 886 1340 continent
904 1275 984 1358 leges
1002 1274 1155 1358 politicas,
1173 1289 1250 1356 quae

146 1388 201 1455 rel
219 1387 461 1472 amplificationes
481 1397 510 1453 et
526 1389 610 1456 uelut
627 1388 844 1474 progressiones
863 1399 932 1454 sunt
953 1391 1051 1471 legum
1068 1387 1248 1452 fundamen·

148 1501 279 1577 talium,
306 1502 354 1569 vel
381 1513 478 1569 certas
503 1503 615 1569 formas
634 1503 858 1588 praescribunt,
880 1503 988 1589 quibus
1005 1503 1124 1566 illarum
1144 1501 1250 1566 obser·

147 1616 258 1683 vantia
283 1624 414 1681 tucatur.
447 1617 557 1693 Porro,
589 1639 657 1684 cum
686 1620 765 1701 leges
783 1618 1022 1683 fundamentales
1039 1617 1249 1692 monarchiae,

147 1737 240 1814 prout
260 1731 367 1796 cultior
384 1741 428 1796 est
447 1732 570 1808 civitas,
599 1733 700 1817 plures
715 1733 921 1817 paucioresves
940 1730 1181 1817 amplificationes
1197 1751 1249 1795 re·

149 1845 284 1930 cipiunt,
316 1855 346 1910 et
373 1845 437 1931 ipsa
465 1844 581 1918 forma,
613 1868 672 1933 qua
700 1847 913 1921 observentur,
941 1870 994 1933 pro
1012 1847 1131 1912 diversa
1150 1863 1251 1908 rerum

149 1967 379 2044 temporumque
398 1960 567 2025 conditione
586 1962 676 2045 possit
697 1961 826 2036 variari,
843 1961 915 2024 hinc
933 1961 1119 2026 diversarum
1129 1978 1249 2022 monar·
1288 2042 1291 2049 ¹
1373 1965 1374 1968 ’

153 2072 293 2138 chiarum
322 2073 563 2159 constitutiones,
590 2079 688 2163 quoad
714 2078 793 2160 leges
812 2077 965 2162 politices,
991 2076 1120 2139 multum
1140 2072 1178 2136 ab
1201 2073 1252 2137 in·

149 2187 250 2254 vicem
276 2185 395 2252 differre
421 2200 543 2273 possunt
570 2201 599 2256 et
626 2213 731 2256 revera
759 2189 917 2263 differunt;
947 2187 1019 2262 sed,
1049 2188 1146 2272 quoad
1173 2187 1254 2269 leges

150 2299 413 2377 fundamentales,
443 2305 601 2371 conuenire
627 2305 705 2370 inter
732 2325 764 2370 se
791 2301 958 2370 necessario
980 2301 1107 2378 debent;
1136 2305 1251 2371 namsi

149 2412 342 2489 differrent,¹
358 2414 421 2479 sine
447 2416 539 2482 dubio
564 2418 642 2483 inter
671 2439 722 2483 eas
745 2418 820 2482 hae'c
850 2426 902 2482 aut
919 2418 970 2482 illa
990 2438 1082 2500 genus
1099 2418 1250 2506 quoddam

149 2526 284 2593 civitatis
300 2528 557 2616 indicaret,quod
577 2532 676 2596 liceta
695 2531 869 2605 monarchia
880 2550 986 2616 parum
996 2530 1072 2596 forte
1084 2519 1249 2606 recederet,

148 2651 254 2706 tamen
271 2662 342 2710 vera
362 2644 538 2709 monarchia
555 2667 614 2710 non
625 2655 711 2710 esset.
721 2646 831 2722 Sic,ut
841 2644 935 2728 magis
945 2644 1066 2710 definita
1076 2646 1250 2731 loquamur,

149 2756 187 2819 in
216 2756 369 2820 omnibusv
384 2757 581 2833 monarchiis,
612 2781 689 2845 quae
707 2760 796 2824 hodie
816 2760 957 2823 dicuutur
975 2752 1251 2835 constitutiouales,

148 2871 275 2956 perinde
303 2880 394 2956 alque
422 2872 453 2936 in
480 2873 547 2937 aliis
573 2875 753 2939 monarchiis
780 2874 931 2943 invenitur
950 2870 1132 2947 Monarcha,
1160 2894 1251 2957 penes

149 3003 244 3070 quem
271 2983 336 3063 iure
350 2984 554 3052 ‚successionis
580 2988 740 3074 Imperium
759 2997 818 3061 este
840 2985 991 3051 invenitur
1008 2984 1157 3051 Nobilitas
1178 2995 1249 3053 tan·

150 3117 245 3184 quam
271 3119 376 3182 corpus
399 3100 589 3188 interjectum
608 3104 686 3168 inter
705 3101 903 3167 Monarcham
922 3109 952 3165 et
970 3101 1132 3185 poputum;
1160 3101 1251 3169 iuue-

149 3213 276 3277 niuntur
294 3214 435 3290 comitia,
464 3212 527 3283 sive
543 3215 672 3282 Ordines
693 3216 872 3290 Generales,
886 3214 962 3281 sive
984 3212 1043 3277 alio
1060 3213 1179 3282 nomine
1196 3233 1253 3299 ap-

147 3326 281 3412 pellata,
312 3328 352 3391 ad·
378 3349 456 3413 quae
477 3331 660 3415 potissimum
681 3330 831 3414 pertinent
850 3328 1030 3393 tributorum
1050 3327 1205 3392 concessio
1222 3336 1253 3392 et

148 3443 252 3524 legum
278 3443 431 3516 custodia;
456 3444 651 3511 inveniuntur
677 3444 859 3518 tribunalia,
886 3440 1033 3530 aquibus
1054 3442 1136 3525 leges
1158 3442 1252 3527 appli-

149 3564 269 3620 cantur.
294 3556 388 3639 Leges
406 3556 498 3638 igitur
516 3557 756 3624 fundamentales
775 3558 945 3633 naturales,
966 3564 1058 3641 atque
1074 3557 1149 3620 adeo
1162 3575 1254 3641 quae·

148 3689 281 3754 cumque
300 3670 339 3734 ad
357 3671 516 3736 essentiam
532 3672 725 3738 monarchiae
743 3672 907 3757 pertinent,
920 3670 1039 3754 ubique
1059 3670 1179 3735 adsunt.
1190 3669 1254 3734 Ve-

147 3805 216 3849 rum
237 3805 315 3868 quae
335 3785 374 3856 de
392 3786 482 3850 modo
499 3783 709 3864 successionis,
737 3786 775 3850 de
796 3785 941 3868 dignitate
959 3786 1058 3878 regia,
1087 3786 1124 3849 de
1141 3804 1253 3870 procu·

147 3908 250 3963 ratore
266 3899 369 3981 regni,
392 3899 429 3987 de
447 3898 611 3985 privilegiis
629 3908 661 3963 et
677 3899 840 3965 honoribus
858 3899 1036 3973 nobilitatis,
1060 3899 1097 3963 de
1109 3896 1253 3980 eligendis

146 4022 179 4078 et
197 4012 373 4077 ordinandis
394 4012 538 4090 comitiis,
564 4014 601 4078 de
620 4035 743 4079 numero
762 4022 792 4078 et
811 4012 1015 4092 jurisdictione
1033 4011 1251 4085 tribunalium,

145 4127 277 4213 aliisque
283 4127 434 4213 plurimis,
448 4130 479 4193 in
488 4128 640 4194 hodiernis
650 4127 911 4193 constitutionibus
922 4135 1081 4201 caventur,
1093 4125 1250 4208 haecqui·

144 4244 216 4310 dem
233 4244 333 4309 omnia
350 4244 381 4308 in
399 4243 490 4312 variis
506 4242 688 4308 monarchiis
699 4243 737 4306 ab
747 4241 877 4312 invicem
890 4239 1123 4329 quammaxime
1133 4237 1264 4311 differre,

142 4359 349 4445 possunt,sed
360 4359 416 4426 etsi
427 4355 567 4427 differant
579 4361 739 4446 ,jnaturam
749 4356 941 4426 monarchiae
952 4349 1262 4440 mutamneqneunu'
