2806 5324
243 2861 344 2945 Quum
361 2863 432 2925 ante
450 2878 564 2923 annum
583 2878 675 2945 eoque
692 2854 822 2944 amplius
838 2856 876 2922 de
892 2854 1103 2925 conscribendo
1123 2854 1299 2945 specimine,

194 2997 257 3065 quo
285 2973 360 3040 mitri
381 2973 515 3064 gradum
531 2972 713 3038 doctoralem
729 2971 872 3062 consequi
888 2971 1008 3051 liceret,
1030 2970 1211 3063 cogitarem,
1231 2997 1303 3062 spa-

197 3091 301 3157 tiabar
326 3112 381 3178 per
406 3085 584 3153 latissimum
610 3087 730 3177 quidm
757 3088 854 3158 ciuilis
869 3086 1130 3178 jurisprudentiae
1147 3111 1305 3176 campum,

201 3204 258 3270 sed
275 3228 342 3269 eum
359 3212 422 3270 tam
442 3203 543 3268 multis
568 3227 604 3268 ac
624 3201 789 3270 innumeris
805 3229 881 3293 pene
901 3203 995 3271 modis
1025 3209 1202 3293 peraratum
1229 3201 1310 3270 inre-

199 3319 337 3395 aiebam,
355 3327 388 3384 ut
408 3342 485 3385 nora
501 3325 531 3384 et
549 3317 664 3386 intacta
682 3317 753 3384 aliis
771 3316 821 3386 oia
841 3317 916 3383 mitri
934 3319 984 3387 rin
1000 3326 1172 3406 appareret.
1189 3320 1313 3387 Altero

200 3433 360 3501 dubitanti
376 3441 480 3522 sponte
499 3432 530 3500 in
550 3442 674 3500 mentem
692 3433 774 3501 uenit
793 3457 965 3501 scanvouan
978 3431 1104 3520 effatum
1119 3445 1229 3522 «turpe
1248 3455 1313 3501 esse

204 3572 313 3618 causas
333 3552 431 3616 oranti
451 3551 512 3631 jus,
533 3551 566 3615 in
587 3572 646 3636 quo
667 3561 852 3623 versaretur,
877 3552 1014 3634 ignorare
1024 3573 1053 3625 »3
1084 3556 1113 3615 et
1136 3574 1203 3616 cum
1220 3574 1257 3616 ea
1275 3548 1312 3615 it-

203 3667 266 3732 lius
296 3664 393 3734 uerbis
411 3663 501 3733 Juris
517 3661 642 3731 Publici
659 3662 853 3753 disciplinam
874 3690 941 3731 cum
961 3664 1025 3754 ipso
1047 3662 1311 3754 jurisprudentiae

205 3778 325 3857 studio,
338 3779 371 3844 in
387 3778 469 3868 qnod
487 3776 622 3856 incubui,
634 3776 908 3867 coniunctissimam
919 3803 982 3845 esse
998 3778 1211 3868 intelligerem,
1222 3774 1314 3846 subiit

204 3892 339 3963 animum
358 3892 516 3984 cogitatio,
539 3901 573 3958 ut
588 3917 624 3959 er
645 3893 724 3961 Jure
740 3892 868 3961 Publica
884 3901 985 3960 nostro
1007 3891 1164 3960 materiam
1176 3899 1315 3958 tractan-

201 4011 276 4076 dam
293 4009 446 4100 eligerem.
473 4008 535 4078 Cui
552 4007 677 4074 consilio
703 4033 736 4075 eo
757 4007 904 4074 lubentius
925 4008 1074 4087 medodi,
1096 4006 1225 4097 quadiu
1245 4005 1315 4094 ipsa

203 4123 372 4192 Academia
391 4124 509 4190 selectas
529 4121 668 4211 politicas
691 4121 734 4188 ita
753 4147 869 4211 semper
890 4124 1142 4212 frequentasscm,
1164 4128 1196 4185 ut
1210 4144 1317 4187 earum

203 4236 355 4303 suauitate
374 4240 498 4303 multum
516 4237 669 4314 allicerer,
682 4262 785 4327 meque
799 4244 960 4326 occuparet
972 4244 1006 4303 et
1019 4244 1141 4328 raperet
1150 4238 1176 4308 J
1176 4235 1240 4304 uris
1248 4236 1315 4305 Pn-

203 4350 277 4423 ttici
294 4350 450 4440 elegantia
467 4360 497 4418 et
510 4354 663 4442 gravitas.

461 4638 767 4799 aaut*
