2806 5324
574 357 734 458 fs

174 561 391 645 exstinguitur.
411 602 454 643 -÷
474 566 512 633 Et
535 566 604 634 licet
625 577 688 634 tota
709 569 770 636 vita
798 590 857 634 non
883 567 1019 656 quiescat.
1041 567 1081 634 ad
1111 587 1143 634 se
1167 567 1263 650 magis

175 677 333 764 magisque
353 678 593 757 informandum,
616 702 713 758 nonne
740 692 859 759 tamen,
882 684 934 747 ubi
963 687 1111 760 senuerit,
1134 704 1170 748 eo
1191 692 1262 747 tau-

175 790 250 854 dem
271 793 407 876 pervenit
435 795 542 871 homo,
565 795 645 860 unde
666 805 763 860 ortum
786 797 887 871 duxit,
909 806 959 874 et,
988 818 1046 883 qno
1067 794 1175 869 aetatis
1194 815 1262 860 mo·

175 906 281 972 lestias
301 907 433 984 soletur,
456 929 473 973 a
495 908 592 992 pneris
613 918 785 993 exspectat,
807 919 841 974 ut
851 911 897 974 sui
909 931 1011 975 curam
1023 909 1154 975 habeant
1166 917 1261 977 autse
1301 966 1304 971 .

175 1020 353 1098 sublevent,
377 1030 468 1108 utque
488 1022 536 1114 ita
554 1021 702 1087 beneficiis
724 1023 820 1090 vicem
838 1024 1021 1107 rependant,
1041 1024 1101 1090 imo
1113 1024 1260 1111 potiusle-

173 1131 282 1215 gitimo
299 1109 430 1219 tempore
447 1133 581 1199 debitum
594 1136 762 1220 persolvant
770 1136 983 1217 necessarium,
995 1137 1073 1222 quod
1084 1146 1261 1223 acceperuut

173 1245 361 1311 reddentes?
383 1261 427 1299 ‘—
444 1247 522 1331 Ergo
537 1248 682 1313 infantiae
698 1247 868 1324 infirmitas,
886 1249 1104 1315 adolescentiae
1123 1249 1259 1324 inscitia,
1302 1295 1305 1301 -

172 1359 340 1426 senectutis
356 1360 502 1444 fragilitas
518 1361 666 1426 hominem
685 1363 850 1427 necessario
871 1362 1070 1430 adhortantur
1090 1372 1257 1447 eteoguut.

171 1481 211 1537 ut
227 1493 332 1557 opem.
359 1475 533 1551 consilium,
551 1475 766 1542 adminiculum
783 1477 814 1542 in
831 1477 879 1542 sui
895 1478 1041 1544 similibus
1058 1488 1192 1565 maeret.
1207 1479 1259 1545 Sic

172 1586 358 1655 inevitabilis
375 1588 428 1653 illa
444 1587 571 1654 hominis
585 1588 793 1667 imbecillitas,
811 1610 871 1676 qua
889 1592 968 1655 solus
986 1591 1043 1656 sibi
1059 1568 1258 1658 sufficerenon

171 1699 276 1777 valet,
307 1701 523 1780 conjunctionis
549 1723 640 1769 cansa
664 1703 739 1778 totu
760 1705 803 1769 sic
818 1704 1003 1770 necessitudo
1016 1713 1045 1769 et
1064 1704 1260 1769 communitas

171 1811 258 1897 iuter
281 1813 379 1891 virum
404 1824 434 1881 et
453 1835 591 1895 uxorem,
610 1817 688 1883 inter
703 1826 816 1904 patrem
833 1827 863 1884 et
877 1818 1004 1894 liberos.
1026 1818 1176 1884 societatis
1200 1819 1256 1883 lno-
1297 1796 1300 1803 ’

169 1947 282 1991 manae
299 1927 384 1992 initia
403 1937 574 2015 posuerunt.
858 1912 859 1917 ἵ

175 2093 176 2096 ,
215 2037 348 2126 Apparet
372 2041 465 2125 igitur
486 2044 582 2128 ipsam
600 2044 798 2110 conditionem
817 2042 961 2117 hominis,
980 2044 1010 2107 in
1028 2063 1087 2128 qna
1104 2043 1253 2118 nascitur.

168 2157 343 2220 societatem
363 2155 540 2223 desiderare.
558 2159 682 2244 Insuper
697 2167 799 2223 autem
820 2157 948 2243 corporis
964 2157 1112 2242 animique
1127 2156 1254 2220 laoulta·
1306 2186 1310 2194 ,

168 2281 217 2337 ter
243 2273 276 2336 iu
301 2271 419 2336 homine
445 2271 618 2335 societatem
639 2270 804 2338 neceuario
822 2256 1057 2357 requirenti).
1077 2267 1154 2332 Eutn
1173 2267 1252 2332 eninr

165 2395 298 2450 naturae
323 2384 438 2449 Auctor
465 2383 573 2448 eximia
601 2384 742 2452 lomnavit
768 2383 954 2450 conditione:
981 2382 1105 2465 liguram
1124 2382 1253 2467 corporis

164 2499 303 2564 hahilem
330 2509 361 2564 et
385 2510 484 2585 aptam
502 2498 736 2582 ingeniodedit3
753 2496 984 2564 moderationem
1004 2498 1083 2563 vocis
1099 2498 1205 2564 tribuit
1221 2508 1252 2564 et

162 2613 310 2683 orationis
327 2614 403 2686 vim;
428 2634 463 2678 ac
481 2633 550 2677 oum
567 2611 680 2698 reliqna
697 2613 860 2677 animantia
877 2613 972 2676 solum
991 2609 1120 2697 corporis
1135 2610 1253 2679 viribus

162 2738 311 2804 utantur,
330 2726 446 2794 ratione
464 2735 603 2800 careant,
624 2724 702 2790 lianc
718 2724 848 2791 hominis
864 2745 926 2790 esse
941 2725 1179 2810 praerogativam
1195 2748 1248 2794 vo-

162 2840 243 2918 luit,
269 2863 328 2928 qua
353 2840 520 2930 praesentia
547 2847 702 2914 avertere,
731 2837 833 2903 lutura
858 2861 918 2904 nou
935 2839 1102 2920 negligere;
1123 2847 1249 2925 utraque

162 2955 318 3028 conferre3
336 2955 440 3022 brevia
458 2955 625 3030 diuturnis,
642 2954 756 3019 minora
776 2952 938 3033 majoribus
957 2952 1118 3016 commodis
1130 2963 1248 3040 postpo-

161 3089 253 3142 norc;
280 3070 417 3156 quodque
443 3071 516 3135 utile
544 3078 620 3134 esset
650 3069 691 3134 ab
705 3089 740 3134 eo
757 3070 837 3154 quod
856 3091 916 3134 non
935 3077 1030 3142 esset,
1050 3087 1118 3133 cum
1137 3067 1248 3146 judicio

161 3163 332 3247 discernere
358 3195 466 3268 posset.
498 3182 598 3270 Atque
623 3182 671 3248 his
691 3193 753 3247 tarn
772 3174 903 3267 pulchris
920 3184 1039 3248 dotibus
1056 3192 1159 3247 ornato
1176 3183 1247 3268 quid

107 3284 112 3299 ²
160 3297 261 3376 magis
278 3298 408 3381 proclive
427 3296 539 3372 luerit,
558 3317 647 3383 quarn
656 3298 738 3384 sequi
750 3297 823 3362 alios
831 3299 876 3362 sni
887 3298 1079 3378 generistSio
1089 3309 1147 3365 est:
1159 3300 1248 3366 homo
1332 3371 1334 3375 Α

159 3406 275 3472 invicta
294 3412 469 3476 necessitate
489 3420 518 3476 et
536 3420 659 3494 cogente
677 3418 785 3476 natura
801 3410 914 3494 appetit
931 3410 1115 3490 societatem,
1131 3412 1247 3500 quiaea

159 3521 285 3601 juvatur
305 3533 336 3588 et
353 3534 562 3600 conservaturc
581 3547 616 3590 ac
635 3525 660 3591 si
678 3524 753 3590 nihil
770 3512 944 3603 juvaretur,
965 3544 1031 3589 eam
1040 3537 1191 3612 appeteret
1200 3503 1245 3595 tass

156 3654 249 3712 men,
268 3657 307 3702 ne
323 3659 421 3704 sermo
435 3648 510 3703 esset
527 3640 637 3704 otiosus
654 3638 711 3704 sihi
734 3639 808 3739 (2),Χ

181 3805 224 3871 (Ι)
240 3805 311 3856 lintio
325 3808 385 3858 iecit
399 3809 522 3858 homiuem
538 3809 665 3859 homiuum
681 3815 854 3877 appetentem,
870 3825 978 3874 eumque
994 3811 1031 3860 luis
1047 3816 1132 3862 natura
1141 3847 1151 3880 ,
1166 3818 1192 3864 et
1207 3829 1256 3864 ter·

142 3915 221 3951 mone
237 3907 262 3948 et
277 3915 322 3950 unu
338 3886 522 3968 congruo-ntem.
538 3901 593 3952 Cre.
610 3902 641 3951 rio
656 3902 726 3967 finti.
741 3901 775 3955 tl.
793 3902 835 3956 tt.

180 3996 223 4054 (2)
247 3992 378 4044 Hominem
402 3996 433 4044 nd
455 3995 567 4044 socialem
590 3996 661 4044 sitnm
686 4012 699 4044 a
725 4003 810 4049 natura
831 3995 974 4045 destinatum
993 4011 1045 4045 esse
1062 3995 1100 4043 nol
1116 3994 1163 4044 huo
1178 4009 1254 4043 unum

142 4087 276 4138 sufficienti
286 4093 380 4153 poterat
389 4096 530 4151 nrgomonto
539 4105 606 4149 enne,
616 4089 683 4152 quod
698 4091 744 4155 ipsi
759 4105 817 4156 prae
833 4091 933 4139 caeteris
950 4088 1111 4139 animantibus
1127 4087 1209 4136 datum
1223 4089 1255 4137 sit

141 4179 340 4229 articulatonono
357 4181 410 4230 nliir
425 4195 495 4247 possa
510 4184 585 4233 animi
600 4200 669 4234 wnra
684 4183 806 4246 indicum
824 4184 896 4249 cnjus
911 4182 1032 4251 insultetis
1047 4189 1112 4230 extra
1129 4177 1253 4229 socialita-

140 4278 193 4320 tnnr
219 4273 285 4322 inter
302 4274 412 4329 homiues
430 4277 468 4328 rix
484 4276 548 4327 ullum
565 4291 622 4334 unus
638 4276 742 4344 intelligi
758 4282 846 4344 potent.
864 4303 895 4316 -
910 4273 1023 4329 Porrus.
1038 4276 1069 4326 do
1078 4278 1140 4345 jure
1157 4281 1212 4326 aut.
1229 4279 1254 4322 ot

138 4373 212 4433 porat.
229 4367 275 4423 IV.
293 4369 315 4419 l.
334 4367 359 4423 l.
