2806 5324
238 534 272 591 ut
289 525 320 590 in
340 492 467 597 comitiis
484 524 590 609 armati
610 523 812 599 considerent,
829 519 1342 610 etnnaqnaequegensqnasimag·

239 660 295 702 ons
312 639 458 703 exereitus
476 639 627 705 rideretur
646 638 714 724 (1),
736 637 824 712 bine,
844 637 883 702 ob
902 639 998 723 ipsum
1017 639 1110 715 illurn
1122 636 1264 701 bellicum
1282 655 1343 699 ar·

241 754 360 831 dorem,
388 756 541 820 civitatem
564 752 689 817 internis
707 772 836 837 quoqne
860 752 992 817 motibus
1019 751 1188 838 saepissime
1204 749 1342 835 turbari

240 869 314 933 nibil
343 868 450 937 mirum
471 878 547 933 erat.
570 867 605 931 ld
624 887 697 931 vern
711 865 799 930 simul
818 886 909 941 cansa
929 864 1004 938 tuit,
1024 865 1169 959 ob'qnarn
1188 862 1340 938 Nobiles.

239 982 347 1070 quibus
365 983 516 1050 civitatem
534 983 572 1048 ab
592 981 715 1046 internis
733 981 871 1066 perieulis
889 979 1069 1045 defendendi
1078 979 1207 1044 offioiurn
1217 978 1342 1042 lacum·

241 1098 305 1171 bit,
328 1095 419 1161 etiam
442 1117 546 1166 revera
565 1093 688 1173 milites,
712 1096 742 1160 id
761 1104 824 1170 est,
845 1091 877 1159 iu
895 1091 988 1159 onmis
1007 1103 1114 1183 esseut.
1137 1094 1240 1174 Quum
1257 1093 1345 1177 emim

241 1211 273 1277 vi
299 1221 329 1275 et
355 1211 445 1276 armis
474 1231 562 1297 saepe
595 1212 626 1275 in
643 1210 858 1295 rempublicam
879 1207 1102 1286 conjuraretur,
1124 1207 1202 1273 bauo
1221 1225 1346 1293 quoque

243 1347 302 1389 uon
323 1325 378 1388 nisi
396 1324 426 1393 vi
444 1334 474 1389 et
491 1327 581 1389 armis
600 1325 677 1389 tueri
693 1320 841 1408 poterant.
1351 1306 1358 1315 ,

287 1438 414 1503 Erenlta
432 1459 503 1504 vero
524 1439 620 1520 magis
636 1437 778 1502 societate
795 1436 893 1514 civili,
920 1435 979 1500 alia
998 1443 1116 1521 praeter
1132 1422 1216 1499 illam
1225 1432 1344 1499 milita·

244 1571 307 1616 rem
336 1549 510 1640 Nobilitatis
528 1552 640 1636 speeies
659 1560 731 1618 nata
750 1560 812 1626 est,
831 1572 874 1615 so.
895 1547 1049 1615 seumorr'a
1069 1549 1132 1615 sine
1151 1556 1257 1628 togata
1276 1546 1347 1613 No·

244 1664 355 1737 bilitas.
378 1663 447 1742 Quo
466 1665 582 1745 longius
603 1666 682 1729 enim
700 1675 729 1730 et
750 1664 862 1729 finuius
882 1663 1043 1729 constituta
1063 1673 1106 1727 ost
1125 1661 1278 1749 quaelibet
1298 1663 1346 1727 oi·

243 1778 340 1852 ritas,
358 1797 394 1840 eo
410 1776 476 1860 plns
495 1776 567 1843 lacit
589 1778 722 1856 institia,
741 1799 777 1843 eo
797 1779 896 1869 minus
916 1776 988 1843 lacit
1010 1779 1072 1848 vis.
1094 1779 1142 1843 rel
1157 1778 1275 1863 potius,
1296 1779 1348 1846 vis

245 1895 308 1978 ipsa
326 1891 401 1957 nihil
420 1891 475 1955 nisi
494 1912 547 1976 per
566 1890 711 1971 justitiam
729 1892 800 1975 agit.
813 1892 890 1956 Hinc
901 1903 1000 1956 autem
1011 1901 1075 1959 orta
1085 1892 1233 1957 Nobilitas
1242 1890 1350 1980 gladii

197 2059 200 2066 .
247 2017 277 2071 et
308 2006 456 2071 Nobilitas
481 2014 569 2093 togae
591 2005 637 2092 (ln
655 2006 786 2071 noblesse
804 2005 840 2070 de
861 2008 893 2071 la
912 2007 982 2071 robe
998 2013 1029 2070 et
1042 2004 1078 2069 de
1098 2006 1213 2093 l'e'pe'e).
1231 2007 1349 2079 Verum

229 2124 342 2190 'etiam
358 2124 551 2205 haectogata
568 2120 717 2186 Nobilitas
738 2120 812 2186 nihil
833 2121 914 2186 aliud
934 2130 977 2186 est
999 2122 1348 2209 quamprolessioquae·

247 2239 318 2303 dam
340 2239 437 2305 civilis
456 2233 615 2309 distincta,
635 2235 770 2321 qnaead
789 2234 990 2311 defensionem
1001 2237 1132 2302 civitatis
1141 2233 1266 2322 spectat.
1276 2238 1351 2304 Nou

248 2355 328 2419 enim
351 2354 384 2417 in
409 2373 444 2416 se
468 2351 590 2416 minoris
608 2359 695 2424 sunt,
714 2371 790 2437 quae
807 2337 900 2432 togati
919 2351 960 2415 ad
979 2350 1198 2427 defendendam
1216 2362 1247 2417 et
1268 2375 1349 2419 oon-

246 2465 424 2546 servandam
452 2463 668 2546 rempublicam
686 2462 860 2537 conserunt.
884 2484 974 2548 quam
995 2465 1101 2544 sagati.
1124 2463 1220 2548 Leges
1234 2467 1348 2554 quippe

246 2579 342 2658 instas
358 2588 388 2642 et
403 2578 492 2641 utiles
510 2577 657 2652 condere,
679 2576 726 2655 jus
745 2576 862 2660 integre
879 2577 997 2652 dicere,
1017 2578 1186 2664 eloquentia
1196 2588 1350 2649 tumentes

247 2693 348 2780 populi
367 2693 480 2780 animos
497 2693 632 2757 mulsere
649 2700 679 2754 et
688 2691 719 2754 in
728 2711 817 2778 quarn
827 2686 942 2783 perlem
960 2692 1096 2776 expediat
1114 2691 1247 2775 flectere,
1259 2715 1349 2779 prae-

248 2806 430 2884 stantissima
447 2808 551 2892 utique
567 2814 636 2877 sunt
659 2814 688 2869 et
706 2805 744 2868 ad
761 2825 865 2890 parem
884 2805 1031 2870 internam
1050 2808 1218 2874 utilissima.
1239 2809 1350 2896 Neque

248 2921 348 2986 obstat
365 2921 443 3008 quod
464 2920 538 3000 baeu
558 2924 616 2986 noir
635 2939 767 3002 semper,
789 2919 868 3004 apud
878 2919 1029 3004 imperitos
1038 2921 1069 2985 in
1086 2922 1209 3007 primis,
1225 2934 1273 2989 sat
1282 2896 1378 2990 am?x

248 3035 297 3120 ple
314 3036 526 3110 aestimentur,
546 3043 611 3099 tum
628 3034 706 3120 quod
726 3041 824 3108 artes,
849 3053 884 3097 er
902 3036 1013 3120 quibus
1030 3037 1103 3101 talia
1121 3039 1348 3122 producuntur,

248 3171 307 3215 uon
337 3149 413 3213 adeo
438 3148 470 3213 in
497 3149 599 3213 oeulos
620 3149 792 3224 incurrant,
811 3157 875 3232 eta
896 3151 997 3216 multis
1015 3174 1120 3237 parum
1136 3153 1263 3239 intelligi
1277 3176 1348 3241 pos·

248 3264 326 3338 sint,
359 3273 422 3328 tum
451 3264 531 3348 qnod
560 3283 629 3328 onm
660 3263 877 3349 tranquillitate
906 3269 1038 3353 quadam
1061 3278 1091 3334 et
1107 3268 1183 3333 eitra
1200 3244 1349 3354 impetum

250 3387 342 3466 atque
362 3376 527 3464 periculum
551 3398 616 3444 sese
633 3377 792 3442 videantur
810 3380 967 3465 explicare.
990 3383 1070 3448 Nam
1086 3385 1111 3449 si
1130 3385 1211 3458 inter
1226 3383 1347 3450 Nobili·

248 3503 341 3558 tatem
358 3494 520 3559 militarem
540 3503 569 3558 et
587 3493 784 3567 senatoriam,
805 3497 925 3578 qnando
943 3496 1088 3564 adversus
1106 3509 1220 3566 exteros
1239 3485 1347 3568 delen·

249 3608 348 3672 denda
367 3618 410 3673 est
427 3609 555 3682 civitas,
572 3609 730 3674 discrimen
749 3609 823 3672 illud
836 3611 883 3674 v'el
892 3611 1019 3676 maxime
1028 3613 1158 3689 obtinet,
1169 3615 1235 3697 tolli
1243 3624 1348 3683 tamen

248 3721 387 3795 videtur,
405 3722 457 3787 nbi
473 3725 582 3788 civitas
598 3723 722 3789 internis
738 3724 869 3788 motibus
888 3725 1001 3807 agitata
1023 3727 1218 3812 professiones
1238 3752 1290 3798 eas
1306 3735 1348 3800 ad

121 3865 127 3877 ’
249 3839 396 3906 auxilium
408 3849 521 3921 procat,
540 3839 648 3924 quibus
665 3859 736 3904 vera
755 3838 800 3904 vis
818 3839 939 3923 publiea
956 3861 1053 3934 eaque
1070 3843 1223 3911 delensiva
1244 3848 1348 3913 eonti-

219 3941 221 3946 ’
246 3963 353 4019 netur:
372 3963 444 4019 tuno
463 3955 541 4018 euin
559 3953 653 4018 omnis
669 3953 818 4018 Nobilitas
837 3977 899 4018 nnn
918 3965 982 4029 est,
1005 3958 1115 4043 qnippe
1134 3958 1221 4040 cuius
1230 3981 1348 4049 semper

245 4067 276 4133 in
294 4080 424 4156 utroque
440 4089 548 4154 genere
571 4068 699 4134 officium
718 4091 894 4136 conseruare
910 4079 968 4135 est.
990 4144 996 4150 ,
1124 4057 1127 4063 ’

266 4226 309 4294 (l)
325 4229 392 4283 Nihil
409 4238 490 4285 autern
507 4247 587 4297 nequo
603 4231 718 4299 publioae
734 4246 816 4297 neque
832 4230 940 4298 priuatae
951 4231 987 4283 rei
1001 4231 1139 4288 nirinrrnnti
1156 4241 1240 4303 agunt.
1257 4265 1291 4280 -
1309 4239 1359 4293 Tr.

232 4333 285 4375 err.
302 4320 363 4376 ibid.
696 4311 703 4322 ¹
