2806 5324
658 399 732 475 125

142 592 202 651 rut
222 584 296 650 beer
312 582 474 672 manifeste
497 585 610 674 feceret
626 585 760 654 Parisiis
770 589 869 654 'metio
884 587 1001 676 pubb'ee
1019 593 1049 652 et
1064 585 1119 652 itte
1134 588 1232 677 tegere

143 699 286 786 »feceret
310 719 412 764 eerern
438 696 602 773 scabineie,·
636 703 714 788 quod
737 702 780 767 ita
797 711 827 767 et
845 701 933 780 serit,
957 711 988 766 et
1002 722 1105 767 ornnes
1121 702 1153 766 in
1172 722 1232 766 une

107 850 109 901 2
144 825 440 882 »consenserunt.....
469 816 561 880 etiarn
582 837 686 882 ornnes
713 816 870 891 scabinei,
893 815 1046 902 Episcopi,
1077 815 1230 888 Abbates.

107 908 112 959 i
147 930 320 1005 silonites,
343 948 435 995 menn
451 930 587 1014 propriae
602 930 858 1013 subtersignatum
882 929 970 1015 (l).»
991 929 1105 995 Mettus
1131 939 1231 994 autem
1283 980 1287 991 .
1312 972 1315 984 ·

145 1042 195 1109 bie
221 1043 372 1126 signifieat
394 1044 508 1108 euriarn
527 1044 590 1111 sive
607 1043 755 1110 Tribunet
773 1043 889 1109 remitis
910 1044 956 1108 ret
973 1044 1054 1109 missi
1071 1039 1227 1113 dorniniei,

147 1154 290 1225 Seubinei
306 1157 422 1237 judiees
440 1166 540 1232 erant,
559 1158 610 1244 qui
631 1159 661 1223 in
680 1159 763 1223 curia
781 1180 817 1224 ea
834 1159 1014 1224 assidebant.

185 1271 305 1336 Deinde
334 1272 499 1337 eommunis
517 1281 569 1337 'est
592 1282 726 1342 ueternrn
754 1283 910 1338 austerum
934 1270 1099 1344 sententia,
1123 1268 1233 1334 Perle-

143 1396 248 1451 rnente
272 1385 312 1451 eb
339 1389 410 1473 ipsis
433 1386 586 1464 comitiis,
618 1407 696 1474 quae
720 1396 808 1453 eutee
831 1387 972 1462 fuerant,
996 1384 1129 1472 protecte
1149 1398 1229 1455 esse,

141 1509 238 1587 atque
256 1501 352 1576 adeo,
373 1500 420 1566 uti
436 1501 508 1576 itta,
531 1502 701 1567 universam
730 1509 849 1584 gentem
875 1509 1120 1586 repraesentasse.
1143 1492 1236 1560 «Bes

150 1613 439 1681 »EtnteGe'ne'reur
465 1615 493 1681 ie
520 1615 696 1681 Perierunt
718 1613 821 1702 apris
840 1636 893 1680 sen
911 1612 1046 1704 origine,
1070 1624 1100 1678 et
1121 1631 1237 1677 somme
1284 1642 1288 1647 ·

151 1730 269 1818 »quand
279 1731 302 1795 it
318 1730 391 1796 etait
410 1729 608 1795 ambulateire
625 1731 646 1795 it
664 1731 737 1796 etait
753 1732 774 1794 ά
793 1728 912 1795 dinster
931 1728 969 1795 de
985 1751 1033 1794 ees
1049 1727 1236 1803 trente,

151 1844 234 1931 »pris
251 1844 324 1930 qn'il
345 1863 364 1907 a
383 1847 432 1910 ete
448 1842 504 1909 tait
524 1845 709 1921 sedentaire.
731 1844 808 1910 idest
825 1845 966 1910 demeure
984 1845 1112 1910 evertes
1125 1841 1237 1906 nene·

151 1957 333 2034 tripertiens,
352 1966 382 2023 et
401 1977 516 2025 comme
542 1960 585 2024 les
608 1957 886 2033 litate-Generum,
911 1963 950 2022 ob
968 1960 996 2024 te
1015 1962 1237 2022 censentement

150 2073 205 2139 nde
222 2081 307 2138 toute
325 2071 355 2136 la
371 2071 473 2137 netien
491 2091 523 2136 se
538 2072 664 2138 donneb
681 2071 843 2150 autrefois,
854 2093 891 2138 ue
911 2074 1053 2158 suntplus
1070 2072 1239 2138 asserentes

151 2206 225 2272 nque
244 2188 305 2251 tres
319 2195 487 2264 rarernent‚
509 2187 552 2252 les
569 2185 662 2252 Ceurs
678 2165 886 2261 snurerainee,
902 2184 1004 2274 quites
1013 2166 1216 2272 representent
1227 2220 1249 2261 ,ι

152 2302 195 2366 »te
219 2299 353 2365 dennent
373 2322 450 2388 pour
463 2323 540 2377 eur,
563 2302 663 2388 quand
685 2304 757 2369 elles
773 2305 802 2368 le
814 2303 916 2386 iugent
934 2303 952 2368 d
970 2321 1074 2386 propes
1091 2308 1121 2364 et
1129 2303 1238 2367 neser·

151 2415 245 2480 »seire
268 2414 347 2501 (2)»
367 2414 459 2481 -·ΙΙ
484 2412 551 2481 faut
567 2436 625 2502 que
645 2418 688 2482 ies
701 2419 778 2483 edite
792 2424 909 2502 pensent
927 2437 981 2501 par
996 2417 1039 2480 tes
1061 2414 1155 2479 Cnurs
1170 2433 1241 2479 seu·
1350 2500 1353 2505 .
1378 2420 1381 2424 ’

138 2529 323 2605 neereiues,
346 2548 421 2614 pour
439 2528 504 2595 btre
521 2548 558 2594 en
577 2530 678 2596 ieettee
697 2533 762 2596 lenr
781 2532 912 2596 dreiture
921 2515 1084 2595 examines.
1095 2528 1153 2594 Les
1162 2530 1240 2595 dites

152 2643 266 2710 »Ceurs
282 2652 348 2709 sent
366 2643 404 2707 de
425 2643 553 2726 grandes
569 2647 758 2731 eornpeguies
775 2654 909 2730 expertes
927 2665 968 2709 eu
986 2643 1043 2709 fair
1060 2643 1098 2708 de
1115 2643 1240 2723 justine,

151 2756 349 2824 »eonstitudee
368 2766 397 2822 et
415 2757 547 2824 dressees
564 2778 639 2844 pour
656 2761 684 2824 le
702 2760 770 2825 bien
786 2759 905 2844 public,
923 2755 1025 2846 etqui
1041 2758 1243 2845 representem

152 2873 213 2937 ntes
231 2871 321 2937 Etets
337 2869 375 2936 de
391 2869 512 2936 Frenee
530 2872 634 2958 depuis
650 2874 777 2959 qnetque
793 2883 886 2948 tenne,
899 2892 957 2958 que
968 2874 1030 2938 l’nn
1044 2871 1127 2937 atait
1137 2870 1243 2956 perdre

152 2989 285 3068 nI'usage
304 2985 496 3051 d'essernbler
512 2994 541 3050 et
560 2985 661 3051 d’ou'r‘r
679 2987 722 3052 les
740 2987 903 3069 ditsEtets
926 2989 1004 3076 (3)e
1036 3058 1040 3065 ⁴

196 3101 289 3168 Perre
306 3100 399 3165 etiarn
419 3120 455 3165 ex
472 3120 521 3174 eo,
543 3102 624 3186 quod
643 3101 835 3168 Parlernenta
846 3112 945 3188 partes
955 3102 1083 3188 ipserum
1101 3099 1243 3164 Comitio·

149 3238 220 3284 rurn
237 3225 376 3299 egerent,
397 3217 576 3282 credebatur
593 3218 658 3291 tex,
677 3238 754 3302 quae
772 3238 789 3281 e
810 3218 1008 3284 Partementis
1025 3226 1100 3282 esset
1109 3236 1244 3301 nornpre-

146 3334 226 3399 bate
242 3340 273 3396 et
288 3331 417 3408 inserta,
437 3332 563 3396 eandem
581 3332 810 3397 selernmitatern
820 3343 850 3399 et
859 3332 920 3402 viru
937 3334 1092 3416 obligandi
1112 3332 1242 3406 babere,

150 3447 284 3533 quernei
305 3447 343 3512 ab
361 3446 526 3513 Ordinibus
545 3444 742 3514 Generalibus
758 3447 862 3514 fnisset
888 3448 1031 3534 prebete:
1051 3459 1163 3535 equeut
1184 3467 1243 3514 aux

171 3647 200 3712 (t
206 3653 217 3712 )
231 3644 360 3697 deserente
378 3659 518 3697 noeenuson
536 3664 566 3712 ep
583 3647 602 3697 l.
619 3644 648 3698 Τ.
665 3647 685 3698 1.
701 3665 718 3714 p
743 3645 800 3700 352.

171 3738 217 3807 (r)
233 3739 332 3791 cernae
348 3753 420 3801 sarr,
440 3738 515 3789 narn
531 3740 574 3788 en
591 3718 756 3790 norrenses
772 3716 822 3792 rn'
833 3720 930 3792 erden
947 3759 971 3808 p.
988 3744 1019 3792 rr
1039 3741 1092 3808 (sa.
1112 3739 1194 3801 rnre).

178 3827 220 3902 (3)
240 3831 339 3894 Peren,
364 3833 486 3885 treisidrne
506 3832 605 3882 ustuire
620 3831 655 3881 lit.
672 3830 688 3884 b
706 3835 734 3882 tit
748 3834 782 3882 du
799 3833 899 3897 generet
913 3835 955 3884 der
971 3834 1076 3885 deserite
1091 3849 1119 3898 p.
1136 3830 1183 3880 dtd
1203 3831 1257 3894 (ed.
1286 3838 1290 3846 '

141 3926 230 3992 1583).
258 3929 322 3978 itinn
347 3940 447 3992 quoque
469 3933 521 3988 ert,
547 3925 613 3991 quod
637 3941 813 3991 nonnunquam
830 3925 981 3978 Perlenrente
998 3927 1149 3994 eppetlentnr
1170 3925 1257 3976 Eran-

141 4020 277 4072 metrone
288 4037 320 4072 err
336 4022 400 4086 petit
406 4021 482 4085 pe'ed,
499 4021 537 4069 uti
552 4019 706 4086 appellentur
721 4021 746 4070 in
763 4019 849 4070 tibeltn
864 4020 982 4071 Ordinem
999 4021 1134 4070 bleeeerunr
1152 4017 1256 4083 (Eleum

140 4114 174 4164 ad
193 4112 283 4180 Regem
302 4113 421 4164 Nnrnrree
438 4132 502 4164 enne
520 4116 595 4168 ¹577:
619 4115 657 4166 eit
674 4114 725 4164 ient
740 4131 789 4179 que
807 4120 860 4165 tour
876 4114 938 4163 bdits
948 4115 1025 4164 soient
1032 4112 1125 4161 veritibs
1134 4120 1259 4161 eteornrne

140 4207 284 4257 eenntrolbe
300 4207 326 4256 be
342 4223 414 4256 senne
428 4208 458 4257 de
475 4207 639 4268 Perternents,
657 4210 714 4259 bien
735 4223 785 4272 qus
798 4224 840 4258 ees
859 4223 930 4256 eostre
948 4222 979 4256 ne
993 4209 1071 4255 soient
1080 4205 1174 4272 pre'u'ne
1181 4201 1271 4272 [eerne—

140 4304 205 4352 edes
224 4292 293 4352 troie
309 4285 389 4352 Krete
402 4305 543 4354 receeuree'e
558 4320 590 4354 ee
604 4304 671 4369 petit
688 4303 776 4368 pn'art..
801 4329 833 4341 -
852 4300 989 4352 Mdnree'ree
1005 4301 1039 4351 dre
1058 4302 1107 4354 due
1123 4299 1259 4375 deNeeere

142 4396 177 4450 Τ.
192 4395 215 4448 1.
233 4413 260 4463 p.
273 4395 321 4447 448
339 4394 405 4491 Ριιιίι
421 4393 492 4450 1665.
