2806 5324
671 410 748 489 tots

138 600 269 669 civitati
293 600 359 669 sive
382 598 583 678 lllouarebae,
615 603 667 668 sed
692 602 837 689 peenliari
865 623 920 667 suo
939 602 1058 667 domino
1078 587 1244 680 servirent,

140 718 267 798 iustitia
284 738 402 804 qnoque
420 703 515 800 magis
527 717 566 782 in
581 717 669 782 diem·
680 717 857 783 labefactari
873 717 979 802 eoepit.

160 842 164 847 '
192 832 264 898 lllox
280 833 379 908 euim,
408 832 559 916 abrogatis
576 831 710 916 plasitis,
744 818 925 898 vasallorum
943 832 1071 907 domini,
1093 841 1126 898 ut
1146 832 1248 900 liberis

142 926 405 1033 hominibus-qni
423 967 486 1012 sese
503 947 538 1012 iis
556 936 747 1023 addixerant,
764 947 955 1033 antiquarum
971 928 1190 1013 institutionum
1205 949 1247 1018 si·

143 1063 317 1127 mulacrum
343 1062 496 1148 quoddam
522 1052 740 1146 relinquerent,
757 1070 806 1126 'ae
826 1063 914 1130 simul
933 1062 1143 1129 auctoritatem
1161 1084 1255 1131 suam

145 1177 189 1250 in·
209 1175 336 1241 vasallos
354 1162 506 1241 'continuo
529 1185 717 1252 exercerent,
738 1177 803 1241 loeo
821 1178 998 1262 placitorum
1017 1173 1119 1241 curios
1137 1178 1248 1245 consti·

144 1298 271 1367 luerunt
293 1286 652 1378 (soors-seigneuroles).·
673 1290 712 1354 ln¹
726 1289 808 1356 hisee
826 1310 896 1356 vero
915 1290 1023 1366 curiis,
1047 1290 1117 1357 lieet
1138 1291 1251 1361 deinde

144 1407 278 1492 ipsorum
296 1404 462 1484 jurisdictio
480 1404 664 1490 privilegius
679 1404 761 1490 qnod
778 1405 884 1469 vasalli
904 1406 1116 1491 impetrarant,
1137 1415 1172 1471 ut
1188 1405 1247 1470 sibi

146 1522 182 1586 im
198 1530 348 1606 posteram
365 1541 425 1583 non
442 1519 499 1584 nisi
515 1538 533 1582 a
551 1515 675 1605 poribus
691 1519 753 1582 suis
771 1517 942 1605 (geoossenl
957 1517 1067 1598 judicia
1080 1517 1244 1594 ferrentur,

145 1633 279 1707 multum
304 1641 471 1718 temperata
494 1641 589 1708 esset,
615 1631 762 1712 justitiam
781 1633 868 1716 plane
885 1653 922 1698 ex
940 1633 1063 1699 arbitrio
1082 1641 1112 1698 et
1131 1632 1250 1719 saepius

145 1740 269 1834 praeter
283 1753 411 1834 aequum
431 1757 461 1813 el
479 1748 590 1813 bouum
609 1746 868 1812 administrabant.
893 1747 1078 1813 Constabanl
1095 1749 1175 1815 enim
1194 1770 1248 1814 eu·

147 1863 268 1928 riaeex
287 1862 389 1947 paucis
407 1840 585 1948 quibusdum
603 1861 742 1938 vasallis,
762 1882 837 1948 quos
858 1862 994 1927 dominus
1002 1885 1057 1948 pro
1067 1864 1164 1931 lubitu
1175 1874 1256 1929 oon·'

148 1977 304 2049 uocabat.¹
317 1964 374 2041 Hie
392 1996 483 2051 vero,
508 1977 630 2041 dumet
649 1966 786 2051 eaesae,
803 1997 881 2062 quae
900 1977 939 2043 ad
959 1979 1056 2063 ipsum
1074 1978 1255 2053 ferebatur,-

149 2092 215 2172 jam
243 2100 316 2155 ante
341 2091 476 2155 conscius
494 2109 576 2164 erse,
603 2099 633 2155 et
651 2091 832 2158 vasallorum
852 2091 1021 2156 voluntates
1048 2091 1131 2175 prinu
1156 2092 1253 2156 intro-

150 2208 270 2294 spicere
287 2216 383 2292 posset
394 2255 402 2282 ,
413 2207 528 2292 copiam
546 2205 678 2270 habebat
698 2206 834 2270 alterutri
851 2214 1004 2282 aetorum,
1027 2204 1077 2269 eui
1094 2204 1171 2269 lorte
1186 2211 1253 2270 ma·'

151 2323 249 2402 iorem
281 2321 518 2395 benevolentiam
548 2328 692 2395 navaret,
720 2318 842 2384 favendi
861 2320 949 2383 nimis
965 2302 996 2386 iu
1016 2316 1253 2386 damnnm'alte·

151 2438 236 2514 rius,
264 2437 441 2502 advocanda
464 2456 572 2521 nempe
598 2435 743 2509 vasallos,
760 2455 850 2540 'quos
878 2435 958 2500 illius
986 2454 1107 2501 eausam
1126 2436 1254 2521 probare

154 2537 350 2625 autumabam
372 2559 424 2616 aut
443 2535 550 2616 saltem
566 2549 598 2614 in
618 2549 698 2614 omui
716 2568 788 2613 easu
800 2547 941 2631 suffragia
953 2539 1256 2639 eorum,-quiseorrrtr¹

156 2667 355 2751 iudicabant,
382 2666 472 2731 facile
497 2664 529 2730 in
554 2685 644 2752 qnam
673 2674 786 2749 partem
814 2664 922 2739 vellet,
950 2658 1099 2731 eblandiri
1117 2677 1254 2752 poterat,
1368 2663 1370 2669 ’

156 2782 268 2868 quippe
296 2782 347 2867 qui
372 2780 581 2860 subjectissimi
604 2781 630 2844 ei
650 2789 765 2857 essent,
788 2779 910 2866 ejusque
930 2781 1093 2845 amicitiam
1110 2782 1166 2846 sibi
1181 2794 1259 2846 eoo-t

157 2896 266 2962 oiliare
290 2880 512 2970 aemularenlur
537 2916 641 2982 usque.
674 2896 716 2963 Ut
741 2896 833 2979 igitur
853 2894 1024 2975 hujusmodi
1045 2896 1157 2962 abusus
1171 2895 1258 2961 tolle.-

158 2996 283 3084 rentnr,
308 3011 403 3094 ipsum
424 3011 538 3075 malum
560 3010 726 3084 remedium
748 2999 920 3097 postulauit.

206 3123 325 3189 Deinde
352 3145 424 3192 uero
446 3105 619 3190 restauratis
644 3109 769 3202 litteris,
790 3135 820 3190 et
838 3106 988 3212 inprimis
1003 3127 1080 3192 June
1100 3123 1263 3197 Romano,

159 3239 397 3325 jurisprudentia
408 3261 483 3306 uon
508 3239 635 3324 amplius
652 3240 729 3310 siout
748 3249 838 3307 autea
857 3261 905 3306 ars
921 3241 985 3306 visa
1006 3250 1068 3318 est,
1096 3260 1172 3326 quae
1189 3259 1262 3303 sano

144 3341 325 3436 ‘indicio'et
344 3341 425 3421 leliei
441 3355 601 3430 memoria,
621 3364 675 3420 ant-
693 3363 773 3419 certo
790 3343 885 3436 longo¹
897 3375 996 3421 rerum
1013 3355 1264 3441 experientianou

160 3472 304 3560 imperite
321 3471 448 3537 tractari
467 3479 584 3556 posset,
602 3489 708 3537 verum
723 3471 867 3546 seientia,
888 3470 925 3535 ad
947 3491 1037 3556 qnam
1052 3458 1176 3556 praeua
1192 3470 1264 3549 doe,-

164 3591 315 3655 trimatum
335 3589 420 3674 copia
437 3596 468 3651 et
487 3586 594 3650 altiora
612 3585 713 3650 studia
731 3585 970 3671 requirebantur.
994 3585 1083 3650 Unde
1099 3587 1190 3653 simul
1201 3574 1266 3672 apss

166 3695 268 3790 paruit
295 3685 385 3775 eum,
412 3699 465 3785 qui
490 3699 568 3779 olim
586 3720 710 3764 eausam
727 3701 893 3785 quamlibet
911 3701 969 3769 sibi
988 3702 1167 3786 propositam
1186 3700 1268 3765 nuda

167 3826 271 3884 mente
290 3838 325 3881 ae
345 3814 495 3880 communi
516 3815 670 3880 intellectu
687 3815 882 3895 dijudicaret,
911 3825 940 3881 et
959 3816 1123 3881 seeundum
1142 3834 1268 3880 eonsue-

118 3918 120 3923 ’
167 3933 325 3999 teredinem
345 3932 514 4006 dirimeret,
533 3930 595 4010 jam
614 3931 709 4016 primo
725 3932 829 3996 statim
845 3952 991 3996 concursu
1007 3933 1039 3997 in
1055 3943 1202 3999 extremas
1213 3954 1269 3997 an·

170 4051 286 4135 gestias
314 4048 452 4134 compelli
479 4047 520 4111 ab
546 4046 735 4123 adversario,
762 4047 815 4132 qui
841 4048 969 4111 eandem
988 4069 1109 4112 causam
1130 4048 1271 4115 seientiu'e

172 4186 339 4255 exponere,
364 4183 456 4233 verae
475 4171 528 4228 aut
545 4163 703 4227 simulatae
721 4162 895 4227 eruditionis
914 4162 1038 4229 artifieio
1056 4165 1271 4242 commentari,

172 4291 205 4349 et
229 4280 367 4348 termims
393 4276 544 4344 technieis'
564 4277 610 4343 uti
630 4256 763 4364 poterat‘;
791 4277 904 4364 quique
921 4277 1018 4364 potius
1032 4255 1163 4347 mentem
1183 4300 1274 4370 qnam

161 4425 258 4478 lleelrte
274 4425 303 4474 io
321 4423 494 4484 Mittelulter,
508 4419 566 4495 Ti.
583 4437 609 4474 o.
624 4422 649 4476 l.
665 4424 711 4472 ert.
727 4420 750 4471 2.
768 4436 798 4488 p.
818 4418 956 4476 {95-239.

717 4518 724 4533 '
1154 4514 1194 4580 lt
