2806 5324
600 366 649 442 tt

70 561 243 637 ponuntur,
268 551 376 638 quibus
397 553 510 619 nitatur
533 554 655 628 civitas,
680 555 742 623 sive
765 555 831 620 aliis
841 556 959 630 verbis.
983 564 1096 638 partem
1109 557 1172 622 effi-

72 668 163 731 ciunt
184 667 260 750 legis
282 666 514 734 fundamentalis
536 669 617 733 illius
638 670 738 755 populi
762 670 820 756 (l).

120 782 212 845 Hisce
234 800 307 846 vero
328 783 495 867 praemissis
517 783 691 850 festinamus
713 786 752 850 ad
775 787 839 872 ipsa
861 787 1012 872 exempla.
1035 806 1112 872 quac
1134 784 1172 848 ab

71 894 257 960 adversariis
278 896 465 979 allegantur.
489 907 524 962 ut
546 899 721 983 probemus,
745 920 800 974 ea,
832 922 892 965 non
913 900 1009 964 solum
1032 898 1057 961 si
1078 898 1173 981 ipsam

74 1017 218 1072 naturam
251 1009 387 1074 rei-sive
416 1011 562 1076 rationem
594 1015 749 1089 attendas,
773 1035 832 1080 non
854 1012 945 1077 luisse
962 1014 1041 1094 leges
1064 1010 1174 1074 lunda·

72 1123 221 1187 mentales
243 1143 280 1187 cx
300 1125 546 1190 conventionibus
568 1126 761 1210 compositas,
784 1126 829 1191 uti
852 1146 888 1190 ex
910 1127 963 1201 iis,
987 1144 1064 1212 quae
1085 1122 1174 1188 modo

72 1257 168 1321 supra
197 1238 402 1322 exposuimus,
432 1246 531 1322 patet;
560 1240 613 1303 scd
645 1260 760 1326 quoquc
782 1238 807 1304 si
829 1239 912 1305 lacta
934 1239 997 1304 sive
1020 1236 1174 1301 historiam

71 1358 209 1432 spectes,
235 1358 325 1433 pacta
345 1350 407 1414 uici
428 1350 550 1415 minime
571 1372 673 1436 posse,
698 1373 752 1417 nec
775 1353 811 1418 iis
832 1353 894 1419 ullo
916 1354 1004 1417 modo
1018 1351 1173 1419 civitatem
1245 1424 1249 1431 Χ
1293 1402 1296 1407 .

72 1471 130 1528 aut
153 1464 314 1545 Imperium
336 1464 528 1529 constitutum
549 1464 650 1530 luisse.

120 1577 153 1640 7.
175 1613 219 1626 -
239 1576 389 1640 Nimirum
410 1575 442 1642 in
464 1577 644 1657 Germania,
667 1579 797 1662 Anglia‚
818 1579 959 1654 Polonia‚
977 1599 1080 1644 revera
1099 1578 1172 1644 ade·

74 1696 147 1752 rant
168 1689 269 1772 populi
291 1699 322 1754 ct
344 1690 500 1767 civitates,
532 1693 684 1779 quinimo
706 1694 766 1773 jam
790 1693 842 1758 diu
864 1691 1055 1766 exstiterant,
1079 1712 1172 1777 quum

74 1801 184 1866 Aureo
205 1801 316 1879 Bulla,
342 1802 600 1892 capitulationes,
618 1806 718 1872 Pacta
730 1806 903 1883 Conventa,
925 1803 1173 1894 MagnaCburlu

74 1918 346 2002 promulgarentur.
369 1918 475 2003 Neque
494 1918 587 2000 igitur
608 1920 754 2002 agebatur
768 1922 806 1987 sle
817 1922 1024 1988 constituenda
1038 1919 1170 1994 civitate,

73 2030 151 2104 sed,
174 2029 250 2094 baec
272 2031 334 2110 jam
356 2033 409 2097 diu
431 2034 591 2099 constituta
612 2043 696 2107 erat,
721 2035 791 2100 licet
812 2034 913 2099 forsan
934 2055 993 2099 uon
1015 2032 1170 2111 eomodo,

75 2143 198 2228 qualc-
218 2143 353 2228 perlecta
366 2146 505 2213 civitatis
525 2148 607 2213 notio
629 2147 775 2230 exigebat.
787 2146 989 2213 Falsissimum
1005 2149 1170 2235 itaquccst,

76 2257 113 2321 in
132 2278 223 2342 supra
245 2260 416 2326 memoratis
437 2261 607 2344 regionibus
628 2272 741 2328 certam
758 2263 910 2348 quandam
927 2260 1080 2327 bominum
1090 2263 1172 2329 mul-

76 2371 260 2449 titudinem.
291 2374 375 2441 nullo
396 2374 549 2462 bucusque
569 2378 719 2445 societatis
740 2377 860 2446 vinculo
877 2377 955 2443 inter
975 2397 1007 2443 se
1029 2376 1172 2457 conjunc·

74 2494 161 2559 tam.
184 2486 216 2551 in
238 2487 330 2553 alium
352 2490 502 2574 quendam
525 2484 675 2558 bominem
696 2492 858 2577 Imperium
879 2511 931 2576 per
944 2492 1171 2569 conventionem

74 2609 107 2664 ct
130 2600 170 2665 ad
192 2602 314 2668 modum
335 2604 470 2670 mandati
492 2604 670 2677 contulisse,
691 2626 728 2670 ea
750 2606 935 2682 conditione,
957 2617 991 2671 ut
1012 2605 1170 2691 unusquis·

72 2734 135 2798 quc
155 2734 259 2780 eorum
281 2716 328 2795 jus
356 2717 413 2783 sibi
435 2719 577 2785 retineret
597 2720 775 2785 mandatum
797 2719 891 2791 illud,
914 2741 968 2803 pro
990 2739 1045 2783 sua
1067 2728 1168 2802 parte,

73 2830 248 2895 revocandi.
279 2831 358 2896 Sane
386 2853 421 2898 eo
443 2832 502 2898 ritu
528 2835 643 2899 nullam
664 2853 782 2917 prorsus
803 2831 956 2900 civitatem
977 2833 1170 2897 constitutam

71 2941 264 3008 invenimus:
286 2945 377 3032 idque
399 2947 476 3012 adeo
498 2957 604 3014 notum
626 2955 690 3022 est,
715 2956 750 3012 ut
771 2947 810 3011 ob
834 2946 1172 3014 bancsolamrationem

72 3057 181 3125 reuera
210 3058 382 3125 mirandum
404 3061 442 3125 sit
464 3071 509 3127 tot
531 3063 611 3130 viros
632 3063 799 3129 eruditione
821 3063 1073 3148 praeclarissimos
1095 3066 1170 3131 doc·

73 3177 187 3242 trinam
213 3174 370 3260 amplecti,
404 3194 481 3260 quae
503 3174 592 3241 lactis
613 3177 844 3262 superstruitur.
866 3198 993 3263 quorum
1016 3199 1054 3242 nc
1075 3199 1168 3245 uuum

73 3292 197 3377 quidem
219 3289 384 3374 exemplum
407 3287 505 3354 allerri
524 3299 631 3374 potest.
731 3364 737 3373 ,

118 3408 193 3472 Erat
199 3406 305 3493 ,itaque
315 3405 456 3490 populus,
469 3413 533 3470 erat
544 3402 721 3488 Imperium,
734 3412 798 3469 crat
810 3405 926 3482 civitas.
939 3416 969 3470 et
980 3405 1171 3471 haeccivitas
1281 3418 1286 3425 ’

72 3543 136 3586 nou
153 3521 219 3586 dies
228 3521 341 3605 aliquot
350 3527 420 3584 ants
428 3519 693 3604 promulgationem
702 3516 821 3584 Aureae
835 3519 941 3585 Bullae
951 3520 1093 3585 dissoluta
1104 3519 1169 3585 lue·

75 3644 143 3710 rat,
155 3634 305 3699 utiterum
314 3634 372 3698 ba'c
380 3633 470 3699 Rulla
479 3632 664 3706 reficeretur3
677 3634 728 3699 sed
740 3634 845 3698 eadem
863 3636 969 3701 civitas
981 3644 1050 3700 ante
1068 3642 1171 3719 etpost

73 3749 210 3814 Auream
241 3749 363 3815 Bullam
388 3747 528 3813 contiuuo
544 3745 625 3818 tuit,
644 3766 722 3832 quac
740 3746 811 3815 licet
827 3749 1018 3834 perficeretur
1034 3755 1065 3812 et
1085 3747 1171 3831 quasi

73 3871 300 3937 renasceretur,
323 3881 383 3927 non
396 3869 497 3927 tamen
508 3859 669 3945 gubernari
679 3861 804 3931 cessarit
815 3872 1029 3948 unquam,aut
1039 3857 1168 3944 Imperii,
1289 3934 1292 3939 ⁸

94 4059 138 4126 (ll
155 4030 308 4126 Hucusqusg
326 4060 356 4111 atl
375 4056 520 4110 retsttsndu
536 4036 638 4108 aliorum
652 4016 985 4129 opinioncspdirpntasimus
1000 4056 1184 4123 solum‚lsgem

57 4158 270 4211 fundamentalem
293 4156 419 4224 ptritirau'r
445 4166 572 4218 nunquam
589 4158 687 4220 pactum
704 4154 742 4209 rcl
759 4157 944 4206 consentionem
961 4151 1047 4221 popurli
1062 4164 1120 4200 cunt
1135 4148 1185 4201 lm-

56 4256 162 4320 psrnnts
183 4251 234 4304 clici
258 4266 345 4317 pomp
371 4248 434 4315 quit
449 4265 507 4302 raro
523 4249 597 4301 uobis
613 4249 654 4300 lex
669 4246 857 4301 supermentalis
874 4246 972 4314 propris
988 4259 1041 4296 sess
1057 4244 1185 4305 uideatur,

56 4345 125 4397 iutra
141 4345 275 4400 trademus.
1119 4358 1124 4365 ·

1123 4830 1326 4974 Α.
