2806 5324
777 361 828 435 26

257 555 301 610 est
318 544 469 613 ciuitatem
491 548 678 630 gubernandi
699 532 1009 618 sive'administrandi
1029 557 1060 615 et
1083 522 1205 634 quidem
1226 551 1286 626 ita,
1313 560 1354 618 ut

255 671 340 726 actus
366 662 431 742 ejus
456 660 607 728 hnmanae
634 665 796 732 voluntatis
823 664 968 739 arbitrio,
996 674 1141 750 tanquam
1166 667 1350 750 superioris,

255 798 314 841 non
331 777 442 862 possint
459 777 612 843 infirmari.
642 777 720 843 ilino
746 779 823 843 inter
842 777 1013 844 affectiones
1031 779 1150 865 lmperii
1166 781 1261 865 primo
1281 782 1353 847 loeo

256 895 404 970 occurrit,
425 895 506 981 quod
531 893 570 958 sit
587 903 617 958 et
634 893 754 959 dicatur
768 915 913 959 suuuun.
944 893 1050 978 Neque
1072 879 1108 959 eo
1122 904 1240 961 tantum
1257 917 1352 963 sensu

252 1006 310 1073 lios
326 1029 433 1074 nomen
452 1009 480 1073 ei
500 1009 657 1094 competit,
685 1008 765 1094 qnod
788 1007 865 1073 nihil
893 1029 928 1073 eo
952 1009 1088 1094 superius
1113 1011 1171 1086 sit,
1191 1010 1268 1075 nihil
1297 1011 1351 1076 eui

200 1116 205 1127 ’
251 1121 421 1204 subditum,
439 1124 492 1188 sed
518 1124 691 1208 praesertim
712 1124 792 1209 quod
813 1145 832 1191 a
850 1125 1015 1190 rationibus
1033 1125 1192 1189 reddendis
1217 1125 1256 1189 sit
1283 1125 1352 1191 iun-⁴

251 1258 359 1313 mune,
382 1239 479 1323 iisque
497 1237 605 1319 subjici
623 1249 753 1324 nequeat
768 1239 828 1326 (l).
859 1239 993 1305 Societas
1012 1241 1093 1305 enim
1116 1240 1213 1308 civilis
1237 1262 1350 1325 eorpus

250 1355 365 1419 morale
376 1362 438 1430 est,
456 1355 536 1438 quod
555 1375 613 1419 non
634 1353 697 1419 nisi
707 1375 800 1420 nnarn
819 1356 1004 1421 voluntatem
1021 1355 1133 1422 habere
1147 1356 1344 1442 intelligitur,

249 1468 317 1533 ideo
337 1468 418 1552 quod
435 1467 588 1544 homines,
604 1479 777 1555 postquam,
794 1479 903 1535 natura
923 1470 1014 1544 duce,
1034 1471 1065 1535 in
1084 1471 1237 1538 civitatem
1253 1473 1346 1539 coiis·

249 1592 329 1660 sent,
349 1590 436 1649 snam
452 1585 600 1668 privatam
613 1585 723 1668 singuli
738 1567 921 1652 voluntatem
937 1585 1023 1672 quasi
1039 1587 1216 1662 amiserunt,
1233 1598 1268 1654 ut
1286 1588 1347 1654 hoe

248 1700 337 1765 modo
356 1719 493 1784 suprema
511 1701 648 1764 voluntas
664 1700 835 1784 quaedam,
856 1701 967 1775 idest,
989 1701 1154 1786 Imperium,
1165 1703 1345 1770 efficeretur.

248 1815 393 1880 Voluntas
413 1815 507 1896 igitur
526 1814 702 1900 lmperantis
727 1825 773 1881 est
792 1818 930 1884 uoluntas
959 1818 1104 1900 generalis
1125 1818 1282 1883 societatis·
1295 1828 1346 1884 to·

222 1954 227 1978 ·
247 1930 325 2007 tius,
350 1939 394 1995 est
420 1932 504 1999 velut
530 1932 609 1996 ratio
634 1933 817 2006 eommunis,
848 1933 899 1996 lex
925 1933 1092 2017 publicant
1110 1933 1304 2010 universalis,
1324 1955 1346 2000 a

248 2065 310 2131 qua
326 2065 415 2110 nemo
430 2045 569 2110 recedere
586 2045 650 2110 sine
666 2045 785 2130 piaculo
803 2056 899 2131 potest
915 2046 976 2133 (2).
1000 2078 1003 2083 ·

260 2188 263 2197 ¹
290 2161 335 2226 Ex
356 2181 393 2225 eo
407 2164 528 2232 antem,
547 2160 628 2244 quod
648 2160 808 2245 Imperium
830 2181 979 2229 summum
1002 2160 1059 2236 sit,
1076 2161 1164 2227 multi
1182 2163 1261 2229 mals
1285 2163 1344 2228 de-

246 2275 379 2351 ducunt,
399 2275 474 2339 illud
492 2294 613 2359 quoque
635 2273 749 2364 legibus
769 2277 860 2363 pinne
882 2278 1010 2341 solutum
1031 2285 1085 2342 aut
1105 2275 1242 2364 superius
1263 2299 1342 2345 esse.

244 2389 287 2455 dr
308 2410 367 2455 non
388 2390 489 2454 solnm‘
507 2389 648 2455 decorum
669 2401 715 2456 est
742 2402 772 2458 et
794 2393 832 2456 ad
856 2393 1065 2458 auctoritatem
1087 2394 1146 2477 legi
1167 2395 1355 2461 addendam--

245 2505 426 2590 proficuum,
446 2509 485 2570 'ut
498 2526 534 2570 ss
553 2505 669 2588 legibus
691 2506 847 2590 alligatum
863 2507 1036 2592 profiteatur
1053 2508 1223 2594 imperans,
1239 2488 1341 2596 quod·

244 2643 303 2709 qne
333 2641 352 2687 a
377 2622 493 2687 civibus
518 2629 663 2706 tanquam
691 2621 770 2685 bono
798 2622 963 2687 communi
977 2623 1141 2690 inserviens
1165 2625 1273 2708 exigit,
1305 2627 1341 2692 id

155 2785 157 2789 .
242 2726 333 2804 etiam
350 2737 412 2826 ipse
430 2745 545 2809 servet3
565 2736 690 2800 ssd‘neo
707 2735 778 2802 sinit
799 2737 932 2817 justitiae
951 2739 1167 2822 gubernatricis
1184 2741 1280 2815 ratio,
1302 2751 1341 2806 ut

262 2968 303 3030 (lt
318 2969 397 3027 Quare
413 2969 576 3018 summitatem
593 2968 660 3019 illam
678 2982 791 3020 nursron.
806 2969 860 3019 1²01.
878 2968 921 3022 tv.
942 2970 982 3021 10.
1001 2949 1113 3019 roenttl
1129 2945 1347 3020 oiuorrsddvoovt

229 3071 303 3114 onos.
319 3079 358 3127 op.
380 3064 401 3114 t.
418 3063 439 3116 1.
456 3059 482 3113 3.
499 3063 523 3112 t.
542 3066 563 3112 t.
581 3067 652 3129 osp‘us
670 3069 739 3112 notun
756 3062 855 3119 ulterius
867 3062 919 3125 juri
935 3079 985 3112 non
1002 3063 1127 3125 eubeuut3
1144 3087 1175 3100 -
1192 3071 1300 3110 rnnnun.
1319 3062 1349 3110 in

228 3155 301 3222 Spes.
317 3157 375 3207 Iar.
394 3157 467 3208 Pntt.
487 3155 528 3207 tl.
545 3155 571 3206 8.
590 3158 628 3205 tt.
647 3156 745 3220 Imperii
760 3157 952 3207 immunitatem·
1053 3185 1054 3188 =

260 3251 301 3317 (2)
331 3250 390 3299 lude
415 3256 451 3298 est
477 3248 544 3314 qnod
570 3247 719 3313 Imperantee
735 3247 868 3311 loquuntur
884 3264 947 3305 nos,
965 3247 1051 3313 privati
1067 3263 1119 3315 epo.
1135 3247 1198 3298 Care
1214 3256 1295 3296 temen
1311 3263 1349 3297 ne

226 3350 309 3409 puter,
334 3345 483 3393 uoluntatem
500 3343 638 3408 peroratam
654 3340 757 3389 eivitutis
774 3338 938 3406 (olpemeeoen
955 3343 1011 3403 nott)
1036 3341 1101 3389 idem
1117 3356 1169 3390 eree
1186 3355 1214 3387 en
1231 3341 1349 3390 nolenta-

226 3443 274 3487 tom
295 3439 447 3502 popularem.
472 3436 590 3484 Voluntas
615 3434 680 3482 enim
695 3433 796 3498 populi,
813 3422 986 3483 etiemei'ioret
1002 3434 1142 3492 unanimis,
1168 3433 1229 3480 nihil
1246 3447 1348 3498 semper

135 3558 137 3562 ι
225 3535 261 3578 eet
286 3531 332 3577 nini
348 3528 461 3578 nolientin
477 3529 631 3576 voluntatum
646 3526 817 3588 priuatorum.
835 3540 901 3588 qnae
919 3526 1068 3574 uoluntatem
1085 3525 1224 3589 penerolem
1240 3523 1346 3574 efficere

224 3623 316 3688 nequit.
335 3621 503 3678 domemus,
522 3619 566 3683 qui
582 3618 730 3666 voluntatem
747 3616 890 3682 popularem
907 3618 999 3681 ubique
1016 3617 1229 3668 lnoitroluututsm
1239 3631 1346 3678 genere·

224 3695 469 3774 leustetten-,etr
485 3717 566 3760 tumen
583 3710 735 3775 distinguere
751 3726 926 3775 nonnunquam
943 3711 1048 3776 sopitur.
1064 3709 1104 3762 stu
1121 3708 1227 3762 uomit:
1240 3709 1343 3768 eQuend

198 3826 208 3841 .
221 3808 262 3856 ele
278 3808 368 3877 penple
386 3806 529 3864 d'dthdnee,
546 3803 663 3853 uommnit
678 3818 710 3852 ou
726 3805 813 3853 narseit
831 3801 966 3863 naseinais,
984 3802 1110 3852 denernuit
1126 3801 1168 3853 dun
1184 3803 1306 3851 lunoneure
1327 3803 1344 3852 d

221 3901 308 3960 nt'uu,
324 3900 435 3966 imposuit
451 3899 492 3948 den
508 3901 593 3966 peiuee
609 3897 623 3946 d
639 3897 741 3963 luntre,
758 3900 779 3947 e‘l
795 3898 889 3947 n'aeos’t
904 3911 949 3960 pon
966 3896 996 3946 de
1013 3893 1239 3965 eoteetipdmdrnle.
1249 3893 1340 3946 Contu.

219 3993 293 4046 2800.
310 3991 344 4043 11.
359 3995 401 4044 dr.
416 3992 539 4042 Generalis
555 3999 636 4042 entem
653 3991 762 4046 voluntas
779 4007 814 4057 ex¹
825 3989 974 4038 naturalibus
990 3989 1039 4038 eive
1055 3991 1194 4039 necessariis
1210 3987 1341 4040 hominum

221 4085 246 4132 in
270 4087 385 4135 eoeietete
407 4085 539 4135 virentium
556 4086 619 4134 inter
640 4099 667 4133 ee
683 4083 842 4132 relationibus
859 4061 1026 4146 consequitur.
1052 4083 1118 4142 Ques
1136 4095 1184 4132 une
1201 4086 1297 4147 ee'mper
1312 4090 1343 4133 et

219 4184 397 4238 constantem,
415 4193 528 4242 quaeque
544 4192 588 4243 per
604 4178 670 4244 leges
687 4176 823 4226 decluratur
838 4192 881 4225 eeu
899 4177 1055 4240 exprimitur,
1067 4182 1091 4224 et
1101 4191 1145 4240 per
1154 4173 1339 4238 lmpernutem‚

219 4273 263 4336 qui
280 4271 318 4320 lex
335 4271 386 4319 rien
402 4275 454 4329 eet,
478 4274 603 4320 exercetur
618 4285 662 4320 eeu
679 4275 776 4320 exterus
793 4268 910 4324 redditur.
927 4266 1052 4321 Generelie
1067 4267 1151 4331 itaque
1168 4265 1275 4320 diritatis
1291 4284 1339 4318 nn·

219 4354 300 4413 lunt'ne
315 4367 342 4414 et
357 4364 461 4425 notura,
476 4376 603 4429 omonyma
620 4369 683 4415 eunt.
840 4358 844 4362 ’
891 4348 893 4357 ’
