2806 5324
681 355 736 437 50

161 573 208 618 res
226 545 393 637 quam'tres
415 558 502 617 notae
517 536 641 616 luerunt
660 560 820 635 potestates
842 551 961 626 civiles,
986 551 1090 635 quales
1103 558 1263 641 proposuit

161 690 443 744 nonrusoumvrus,
477 688 520 733 sc.
551 664 737 754 legistam,
771 662 921 732 execretivn
952 672 981 730 et
1009 664 1173 750 iudiciario
1198 668 1261 753 (l).

161 788 245 851 Haec
275 804 345 852 vero
374 781 451 846 trias
480 777 602 867 politico
633 781 778 866 paulatim
808 782 916 844 mirum
943 781 979 850 in
1004 781 1128 846 modum
1155 785 1261 864 augeri

83 880 85 883 ¹
160 901 266 986 coepit
297 899 332 962 ln
361 895 543 960 conficienda
569 895 648 958 enim
678 896 774 979 prima
796 895 1005 959 constitutione
1025 894 1170 959 Francica
1198 905 1262 960 tres

159 1023 318 1113 potestates
338 1010 408 1075 illae
433 1031 491 1073 non
517 1009 643 1093 amplius
665 1009 798 1074 sufficere
821 1008 1050 1101 judicabantur,
1072 1019 1163 1093 atque
1186 1011 1260 1075 binc

160 1130 261 1195 addila
278 1137 323 1192 est
339 1133 467 1211 potestas
486 1123 561 1199 alia,
589 1137 680 1208 qnam
701 1121 975 1189 administraturam
997 1134 1142 1192 vocarunt
1163 1124 1256 1210 (pon-

158 1241 222 1310 voir
247 1238 448 1307 administrmo
426 1237 493 1327 ιιι).
514 1240 641 1304 Deinde
672 1258 761 1315 vero,
784 1260 877 1325 quum
907 1240 938 1303 in
966 1239 1176 1334 constitutione
1200 1239 1259 1304 ista

159 1355 362 1422 invenirentur
389 1355 636 1419 contradictiones
659 1356 757 1439 quoad
776 1362 952 1440 potestatem
968 1354 1170 1428 executivam‚
1200 1375 1256 1418 nu-

157 1482 256 1534 merus
277 1477 455 1570 potestatum
478 1445 610 1567 civilium
633 1490 742 1533 novam
761 1490 862 1563 rursus
880 1467 1138 1552 amplificationem
1162 1491 1257 1534 acoe-

157 1584 209 1670 pit.
234 1564 430 1648 Crediderant
446 1583 554 1666 quippe
572 1602 605 1646 se
625 1584 811 1647 execnlivam
830 1591 1006 1667 potestatem
1026 1591 1088 1647 tam
1104 1584 1256 1668 sapienter

158 1715 177 1764 a·
208 1680 376 1780 legislatira
407 1716 579 1782 separasse
617 1705 651 1760 ut
687 1696 782 1761 omnis
814 1696 1021 1761 collisionum
1030 1696 1148 1760 occasio
1176 1706 1256 1761 esset

156 1811 305 1899 praecisa;
339 1832 410 1875 mox
439 1819 541 1874 tamen
569 1811 706 1895 apparuit
736 1800 915 1875 nonsolum
938 1821 1071 1876 caeteras
1092 1820 1256 1896 potestates

158 1945 225 1990 cum
248 1925 402 1990 executiva
425 1922 553 1987 rationes
573 1922 687 1986 babere
710 1934 896 1998 contractas,
921 1925 972 1987 sed
996 1924 1139 2010 inprimis
1161 1926 1256 1989 etiam

157 2041 187 2106 in
218 2040 280 2103 solo
310 2058 380 2121 rege
408 2038 499 2101 latere
530 2038 619 2100 aliam
649 2046 825 2121 potestatem
855 2030 1024 2122 quandams
1049 2042 1109 2116 imo
1130 2041 1254 2124 err-ipsa

157 2155 312 2228 doctrina,
337 2172 396 2238 qua
417 2173 516 2234 regern
536 2151 678 2231 injuriam
699 2151 799 2216 lacere
815 2175 875 2217 non
892 2174 995 2237 posse,
1014 2154 1163 2217 ministros
1179 2173 1254 2218 vero

99 2317 102 2325 ·
157 2271 195 2335 ad
214 2268 344 2333 rationes
364 2266 531 2331 reddendas
549 2267 675 2348 obligari
694 2244 905 2345 declarabant,
924 2280 1027 2354 sponte
1043 2270 1143 2355 sequi,
1165 2289 1253 2352 sepa·

157 2383 286 2448 randam
305 2399 369 2444 esse
391 2380 510 2444 omnino
532 2389 708 2465 potestatem
727 2383 840 2463 regiam
858 2403 876 2447 a
902 2392 1048 2469 potestate
1076 2383 1252 2456 executiva‚

108 2576 109 2580 Ἰ
155 2516 233 2583 quae
259 2515 348 2581 penes
367 2493 516 2557 ministros
538 2503 613 2560 erat.
646 2494 762 2559 Exinde
784 2497 875 2578 igitur
896 2498 955 2562 alia
973 2498 1081 2582 prodiit
1101 2506 1250 2582 potestas,

155 2633 197 2677 sc.
230 2607 315 2698 regio
346 2607 481 2696 (ponroir
510 2609 623 2698 repelli
664 2609 748 2674 Haec
775 2619 877 2675 lamen
905 2612 1005 2693 regiae
1030 2610 1184 2696 potestatis
1212 2610 1252 2672 ab

154 2724 309 2790 executiva
329 2732 474 2808 potestate
492 2724 642 2788 distinctio
664 2745 681 2789 a
703 2726 806 2809 paucis
830 2723 1022 2810 scriptoribus
1042 2725 1169 2809 politicis
1189 2726 1251 2808 pri-

89 2858 92 2862 *
154 2847 372 2922 mumrecepta
390 2836 464 2925 luit,
485 2849 515 2902 et
533 2859 624 2923 quum
639 2849 743 2923 postea
764 2839 884 2923 publice
900 2840 1107 2922 evulgaretnr‚
1127 2840 1165 2904 ab
1184 2842 1253 2905 aliis

153 2960 297 3047 tanquam
319 2951 394 3016 lalsa
416 2951 473 3016 luit
495 2952 671 3038 repudiata,
693 2953 731 3016 ab
752 2954 817 3021 aliis
836 2974 894 3017 non
916 2954 1087 3027 intellecta,
1108 2974 1125 3016 a
1144 2954 1251 3038 plens

153 3086 211 3154 qne
229 3064 374 3147 neglecta.
406 3064 447 3129 At
466 3075 620 3151 postquam
642 3088 741 3133 rerum
761 3069 960 3133 conversionis
982 3068 1064 3133 furor
1086 3067 1250 3171 deflagras-

152 3191 199 3248 set
216 3190 246 3245 et
263 3179 437 3244 monarchia
456 3190 622 3247 restaurata
639 3192 729 3259 esset,
749 3183 865 3247 theoria
881 3159 934 3248 illa
946 3182 989 3247 de
1007 3191 1152 3267 potestate
1165 3184 1250 3265 regia
1276 3216 1281 3226 ·

153 3317 172 3360 a
202 3295 326 3360 caeteris
351 3294 546 3380 potestatibus
570 3298 735 3381 separanda
764 3298 898 3364 revocari
926 3296 1021 3380 coepit
1048 3305 1079 3360 et
1104 3294 1249 3378 singulari

152 3406 294 3498 quadam
300 3418 364 3475 arte
381 3409 528 3473 adornari.
544 3411 601 3475 Sic
620 3411 789 3477 notissimus
808 3422 913 3477 auctor
927 3433 1080 3476 ιιιιιιιιιιι
1092 3433 1250 3475 consecrer

153 3545 189 3589 en
212 3543 248 3593 ea
266 3522 338 3588 lecit
358 3532 533 3607 potestatem
552 3501 729 3612 dirigentem
750 3533 779 3590 et
796 3524 1020 3590 moderatricem
1041 3524 1177 3617 (pouvoir
1199 3549 1249 3593 re·

150 3612 293 3726 gniritone
313 3643 347 3700 et
364 3635 575 3726 moditatem).
597 3639 693 3705 Simul
717 3660 786 3707 vero
807 3652 921 3706 sextam
941 3641 1053 3722 adjecit
1069 3632 1265 3727 polestatem-

151 3769 257 3834 nempe
274 3746 496 3836 rnunicipolem
504 3750 640 3845 (pouvoir
661 3753 836 3842 amnicipoll
857 3756 917 3842 (21.
944 3757 983 3820 Et
1007 3755 1064 3822 boc
1083 3756 1172 3820 modo
1191 3778 1247 3822 va·

150 3865 203 3930 riis
223 3863 423 3958 additionibus
443 3867 566 3951 pristina
585 3867 656 3931 trias
675 3870 794 3954 politica
812 3872 878 3956 plns
897 3892 987 3957 quam
1008 3873 1160 3980 duplicata
1173 3874 1244 3940 luit.

152 3954 306 4077 Verum
328 3983 397 4044 cum
419 3981 462 4075 de
480 3979 653 4050 divisione
645 3993 702 4049 usta
723 3985 844 4073 Imperii
866 3987 1082 4056 diversissimae
1104 3991 1164 4055 et
1154 4013 1245 4056 rnnu·

178 4150 224 4213 (Ι)
240 4153 332 4217 Eapra't
353 4153 397 4202 dec
412 4153 459 4203 lois
482 4152 529 4204 xi.
548 4151 574 4218 6.Ἰ
589 4155 631 4204 ubi
648 4171 680 4205 so.
702 4153 800 4222 imperii
816 4158 839 4206 to
825 4174 915 4209 ormam
934 4114 998 4227 apud
1019 4161 1124 4226 rugios,
1139 4163 1180 4212 eui
1199 4179 1267 4224 eam·

140 4241 281 4309 potestatem
297 4249 471 4310 separationem
491 4248 569 4297 inesse
586 4255 669 4314 putat,
688 4252 787 4298 summis
803 4249 918 4301 laudibus
935 4253 1037 4303 extollit.

171 4336 211 4418 (2)
230 4339 310 4416 Coum
326 4341 355 4390 de
370 4343 490 4407 potitique
509 4342 736 4394 constitutionnclle
752 4358 775 4392 c.
795 4345 818 4395 l.
834 4360 857 4395 c.
874 4347 911 4404 tn,
929 4345 1057 4416 divelopp.
1071 4364 1096 4401 o.
1113 4348 1137 4398 2.
