2806 5324
661 404 712 478 70

145 592 199 657 das
225 590 293 678 (υς
321 564 378 657 etsi
403 591 492 654 etiam
519 591 591 654 utile
617 591 654 654 sit
674 590 843 655 bominibus
863 589 1051 675 perfectionis
1070 589 1238 672 imaginem

143 726 353 792 nonnunquam
374 704 532 782 exhibere,
558 712 591 768 ut
610 704 647 767 ad
667 724 746 776 eam,
770 724 860 788 quam
879 704 989 787 possint
1009 704 1157 788 proxime,
1183 724 1239 766 ac·

143 817 262 881 cedant.
1037 892 1041 902 Γ

185 930 260 994 Cum
279 931 380 1016 itaque
396 929 570 998 inevitabile
587 931 643 1005 sit,
666 930 823 1015 quominus
841 950 942 995 omues
960 928 1163 994 institutiones
1180 950 1238 1012 po·

141 1042 240 1106 liticae
267 1044 328 1108 suis
352 1043 432 1110 vitiis
456 1042 607 1116 laborent,
636 1053 717 1129 patet
736 1064 827 1129 qnam
848 1044 973 1108 difficilis
989 1054 1020 1109 et
1036 1063 1110 1129 pene
1130 1052 1239 1108 tamen

141 1155 255 1221 inutilis
285 1159 324 1223 sit
351 1159 551 1226 controversia
579 1159 616 1221 de
643 1157 805 1222 formarum
832 1157 983 1240 regiminis
1010 1158 1234 1242 praerogativa.

140 1267 281 1350 Singulae
306 1271 385 1336 euim
412 1271 444 1335 iu
470 1291 502 1335 se
527 1270 636 1334 bouum
665 1271 828 1353 quoddam·
843 1272 993 1357 proprium
1014 1292 1049 1335 ac
1069 1273 1236 1338 relativum

139 1380 251 1448 babere
266 1395 403 1470 possunt,
423 1398 453 1452 et
469 1389 493 1452 si
509 1388 614 1452 electio
632 1386 771 1452 iacienda
790 1387 844 1464 sit,
863 1387 957 1475 operis
967 1386 1134 1452 molestiam
1146 1386 1233 1452 baud
1251 1400 1255 1410 ·

138 1497 266 1564 multum
283 1499 425 1568 allevabit
442 1501 505 1587 ipsa
524 1501 718 1585 experientia,
739 1503 848 1586 optima
866 1503 1056 1587 caeteroquin
1074 1502 1232 1584 magistra.

138 1610 225 1676 Unde
241 1613 320 1694 enim
337 1624 504 1701 repetemus
520 1595 675 1699 exempla?
693 1615 800 1679 dixeris
818 1615 919 1681 forsan
937 1635 971 1680 ex
984 1614 1109 1681 ‘historia
1126 1626 1158 1680 et
1176 1638 1231 1702 po·

137 1731 293 1813 pulcrum,
322 1730 499 1814 quibuscum
523 1728 670 1803 vivimus,
700 1729 887 1794 conditione:
914 1729 965 1794 sed
990 1729 1083 1794 dubia
1102 1729 1179 1794 baec
1197 1740 1231 1796 et

137 1840 250 1907 incerta
265 1843 407 1908 subsidia.
425 1843 503 1908 Nam
520 1829 572 1906 ubi
589 1851 722 1927 tempora
741 1842 803 1909 sire
817 1843 977 1928 praeterita
987 1842 1050 1908 sive
1058 1842 1230 1926 praesentia

137 1957 337 2041 exploramus,
369 1967 464 2023 certos
487 1958 622 2024 videmus
649 1955 788 2031 effectus,
819 1935 907 2040 quos·
921 1955 1022 2020 statim
1048 1953 1117 2020 buic
1144 1957 1229 2026 illive

139 2091 246 2135 causae
274 2073 442 2137 adscribere
467 2093 525 2137 non
553 2072 739 2165 dubitamus,
773 2071 827 2136 etsi
845 2077 946 2136 tamen
962 2071 1126 2154 permultae
1147 2073 1227 2137 aliae

136 2204 259 2260 causae,
270 2188 616 2274 quaeperspicacissimos
635 2188 736 2251 ocnlos
747 2185 883 2267 suffiunt,
895 2184 933 2248 ad
943 2184 1013 2248 istos
1022 2182 1145 2251 effectus
1153 2207 1229 2270 pro·

136 2297 287 2364 ducendos
304 2302 431 2366 multum
451 2301 585 2366 conferre
604 2301 764 2384 potuerint.
786 2298 903 2363 Deinde
922 2319 1007 2372 vero,
1025 2299 1135 2363 satisne
1145 2319 1227 2365 sem-

137 2435 189 2500 per
218 2391 304 2480 nobis
329 2436 517 2501 persuasum,
548 2412 669 2479 effectus
695 2412 860 2491 ejusmodi,
890 2402 944 2476 etsi
965 2410 1117 2477 laciliusa
1138 2415 1227 2481 nobis

133 2549 225 2612 quam
242 2549 349 2592 causae
365 2528 546 2613 deprehendi
558 2538 684 2614 queant,
702 2550 761 2593 noo
771 2520 988 2610 imaginationis
997 2534 1114 2602 nostrae
1125 2526 1226 2612 phan-

24 2689 26 2694 2
132 2645 223 2710 tasias
245 2644 331 2708 esse?
353 2640 441 2726 Acssi
461 2644 509 2710 vel
529 2643 656 2708 maxime
677 2643 714 2707 de
731 2641 827 2707 causis
843 2638 1057 2724 effectibusque
1077 2641 1224 2709 constite-

133 2761 190 2833 rit,
216 2769 313 2825 nonne
337 2768 437 2825 tamen
457 2758 556 2823 rerum
573 2735 814 2823 circumstantiae
832 2754 907 2820 adeo
926 2752 1034 2819 variari
1051 2755 1164 2830 solent,
1187 2764 1224 2820 nt

132 2875 209 2938 inter
228 2875 358 2939 diversos
374 2875 496 2960 populos
514 2882 566 2937 aut
585 2870 701 2936 diversa
724 2877 856 2955 tempora
873 2870 954 2934 nulla
974 2869 1112 2933 constitui
1129 2869 1224 2953 possit

133 2988 268 3072 paritatis
283 2987 378 3063 ratio,
406 2997 497 3071 atque
513 2985 662 3050 interdum
677 2984 767 3048 etiam
786 2985 817 3048 in
835 2981 1023 3066 gravissimos
1032 3004 1145 3049 errores
1165 2985 1221 3050 in·

134 3101 298 3174 ducamur,
327 3101 380 3165 ubi
401 3100 551 3182 analogias
574 3098 706 3163 iuvenire
725 3097 809 3161 nobis
826 3097 881 3181 ipsi
899 3096 1054 3164 videmur?
1077 3099 1222 3184 Exempla

129 3215 219 3296 igitur
239 3214 412 3300 plerumque
430 3212 568 3288 lallacia,
591 3230 751 3297 eorumque
770 3211 928 3298 applicatio
943 3231 1057 3297 semper
1074 3212 1218 3289 difficilis,

130 3338 160 3392 et
182 3330 343 3418 aliquando
364 3329 488 3414 periculi
510 3329 610 3415 plena.

173 3442 236 3507 Nec
254 3447 323 3533 ve'ro
339 3453 492 3529 praeterea
511 3442 656 3525 theoriam
677 3463 729 3526 per
745 3462 776 3506 se
797 3441 906 3505 bonam
926 3438 1020 3504 cuivis
1035 3444 1143 3526 populo
1164 3464 1220 3529 ap·

132 3562 195 3637 tam
222 3574 285 3619 esse
309 3557 484 3621 crediderim
503 3557 562 3643 (2).
594 3557 646 3622 Uti
664 3557 741 3621 enim
760 3556 791 3620 in
811 3554 923 3619 musica
943 3553 1004 3618 toni
1023 3545 1169 3621 cantora
1186 3579 1219 3624 se

150 3727 191 3787 (t)
208 3724 274 3774 ldeur
292 3726 344 3775 aliia
360 3727 438 3776 verbio
454 3728 647 3777 recte'obaerrot
664 3741 689 3779 a.
704 3741 782 3776 xcuru
798 3727 823 3775 in
840 3727 946 3776 oratione
964 3740 1019 3775 over
1037 3729 1078 3776 lret
1090 3728 1227 3790 misbroils,

56 3823 57 3826 ’
117 3827 168 3871 etc.
183 3837 207 3886 p.
224 3817 271 3869 89:
293 3823 354 3870 odat
369 3822 418 3872 alle
436 3821 467 3870 de
483 3821 681 3870 beechnuwendc
697 3820 871 3870 samenstoloelr
881 3834 911 3870 eu
922 3818 1041 3884 beerlijka
1052 3820 1228 3871 roorsclrriiteu

114 3928 170 3964 nom
195 3929 256 3964 cece
278 3919 340 3963 etant
361 3900 410 3963 wel
433 3917 458 3963 in
486 3921 508 3964 te
533 3915 644 3974 ricbten‚
669 3931 717 3978 uoq
741 3917 809 3965 nouit
830 3929 890 3963 oenc
906 3915 1057 3963 colmontten
1074 3909 1229 3975 Bnrperrtcot

114 4008 228 4057 chebbon
251 4007 411 4071 opqelererd,
435 4011 525 4057 waurin
549 4010 580 4058 de
604 4016 666 4058 voret
682 4010 709 4058 o'l
721 4009 750 4058 de
767 4008 902 4058 orerbedeu
920 4006 971 4057 niet
987 4004 1096 4054 meander
1113 4003 1227 4055 beersab-

113 4100 222 4165 aancbtig
245 4117 326 4150 waren
350 4100 400 4156 dnn
424 4101 454 4150 de
470 4102 641 4164 onderdnncu,
666 4116 697 4151 en
714 4101 745 4151 de
761 4101 916 4152 onderdaneo
933 4100 984 4148 niet
1000 4096 1109 4147 meerdcr
1127 4097 1176 4145 dau
1193 4101 1225 4148 da

16 4207 20 4212 ’
111 4192 291 4244 wicrhedam·

143 4287 183 4352 (2)
208 4287 261 4337 Une
286 4287 327 4336 dee
350 4286 452 4350 granden
475 4287 543 4336 l'olier
565 4288 596 4337 de
611 4304 655 4338 nor
672 4293 749 4354 tempo
764 4287 904 4346 modernos,
921 4290 958 4334 eat
973 4284 1037 4334 oolla
1053 4283 1083 4332 de
1100 4282 1222 4333 ebercber

105 4380 164 4444 quel
181 4387 217 4430 ert
233 4396 263 4430 on
282 4379 372 4432 theoria
389 4381 412 4432 le
430 4388 616 4447 pourernameut
633 4382 656 4433 le
673 4380 728 4448 pluo
744 4380 893 4432 conrenuble
909 4379 923 4428 d
939 4378 963 4430 la
980 4387 1064 4431 nature
1082 4377 1219 4442 hunnine,
