2806 5324
583 344 638 422 95

74 568 79 575 ·
98 529 225 598 Deinde
249 549 321 600 sero
351 551 388 597 ex
406 529 470 618 ipsa
487 553 608 619 quoqne
627 553 729 600 rerum
745 544 855 601 natura
872 543 975 621 postea
995 535 1157 603 admissum

55 655 127 724 est,
150 655 187 713 ut
210 646 317 716 uariae
341 647 453 718 civium
473 648 667 734 professiones
691 650 810 717 ratione
834 650 994 728 utilitatis,
1018 670 1079 736 qna
1095 671 1159 717 sese

58 762 317 829 commendabant
344 738 393 828 ad.
412 764 567 831 eousilium
597 763 728 831 civitatis
756 766 995 851 assequendum,
1024 766 1103 832 inter
1127 787 1160 833 se

58 882 152 948 certis
170 879 287 960 juribus
304 878 461 966 graduque
481 879 704 946 existimationis
721 877 991 970 distinguerentur.
1009 881 1086 947 Hinc
1103 882 1160 965 igi·

58 1004 129 1073 tur,
161 1015 231 1060 cum
262 993 412 1061 militandi
433 993 581 1080 professio
598 995 677 1063 iuter
690 1004 828 1061 caeteras
844 995 976 1061 utilitate
993 996 1159 1073 emineret,

58 1110 138 1177 baec
156 1130 175 1174 n
193 1107 322 1176 caeteris
336 1109 591 1192 distinguebatur,
615 1120 645 1178 et
663 1120 760 1175 sertas
774 1093 979 1176 distinctiones
989 1109 1052 1175 sive
1062 1127 1161 1176 cerus
1274 1105 1277 1112 ’

59 1225 189 1292 bonores
216 1224 327 1310 adepta
350 1233 419 1298 ests
448 1234 479 1291 et
506 1246 575 1290 cnm
603 1225 747 1312 professio
777 1226 843 1313 ipsa
860 1223 1045 1291 hereditaria
1062 1234 1159 1300 esset,

59 1340 268 1407 distinctiones
286 1360 406 1427 quoquc
421 1340 492 1406 illac
508 1339 708 1408 hereditariae
725 1340 858 1407 fuerunt.

102 1455 150 1522 Ex
174 1475 212 1521 ea
236 1464 337 1520 autent
363 1453 552 1540 professionis
577 1453 718 1521 militaris
742 1454 924 1521 hereditaria
951 1456 1161 1528 distinctiones
1213 1443 1216 1453 .
1260 1545 1262 1550 ,

57 1571 145 1655 origo
162 1578 193 1635 et
210 1568 507 1637 ustura-Nobilitatis
522 1570 685 1657 repetenda
702 1571 832 1638 ridetur.
854 1571 962 1637 Auctis
983 1573 1063 1661 enirn
1081 1591 1160 1657 psu-

58 1685 148 1752 latim
166 1684 358 1763 civitatibus,
378 1705 472 1773 quum
489 1687 692 1769 aggressiones
707 1686 1163 1774 quoqnesvioinismetnendse

57 1802 167 1871 fierem
180 1799 414 1889 frequentiores,
431 1819 500 1895 mox
517 1801 672 1887 apparuit,
690 1777 965 1889 supramemoratas
980 1800 1130 1877 familias,
1143 1820 1161 1867 e

58 1920 173 2007 quibus
187 1917 296 1984 nitius
312 1898 494 1983 hereditarie
504 1917 712 1995 exercebatur,
724 1920 762 1983 sd
776 1918 997 1987 defendendam
1008 1921 1163 1985 civitatem

50 2035 209 2103 adversus
233 2041 348 2098 exteros
369 2052 476 2121 parum
501 2031 652 2108 sufficeres
674 2033 805 2120 indeque
828 2035 1007 2101 necessitate
1031 2022 1163 2121 quadam

61 2149 209 2217 constitui
226 2145 342 2234 coepit,
365 2156 399 2212 nt
418 2167 521 2213 omnes
538 2158 684 2235 quotquot
703 2159 801 2216 essent
818 2149 900 2217 cives
922 2151 1040 2238 (saltem
1056 2149 1108 2236 qui
1123 2149 1163 2213 ad

61 2285 150 2333 arm
167 2265 300 2349 gerenda
322 2273 418 2330 essem
435 2263 586 2350 habiles),
610 2265 650 2330 ad
669 2266 795 2332 militiae
812 2266 946 2333 laborem
971 2271 1163 2335 vorarentur.

103 2380 214 2447 Omnis
228 2389 330 2445 antem
343 2378 467 2454 militia,
479 2358 682 2465 quseproprio
701 2390 746 2446 est
766 2381 811 2446 vis
827 2381 950 2470 publica
969 2382 1120 2455 civitatis,
1131 2381 1164 2447 in
1265 2440 1267 2444 .

62 2495 142 2561 duas
168 2493 264 2562 relnti
289 2495 402 2581 species
431 2494 574 2578 distingui
599 2505 728 2581 oportet,
756 2516 863 2584 nempe
881 2497 913 2563 in
929 2493 1116 2586 defensirum
1135 2505 1188 2564 et·

61 2606 252 2696 offensienm.
274 2607 439 2679 Defensira
456 2609 564 2675 militie
584 2610 623 2675 ad
642 2611 792 2678 internam
809 2611 940 2682 civitatis
958 2612 1165 2680 conseruatio-

63 2744 134 2793 nem
143 2733 267 2811 spectat,
279 2745 375 2813 eaque
382 2723 697 2814 perpetuaessedebet
706 2736 735 2791 et
747 2723 953 2806 inemoribr'fr's,
964 2729 1036 2816 qnia
1044 2725 1165 2794 inomni

61 2840 188 2908 civitate
203 2839 380 2928 requiritur,
400 2851 434 2907 nt
452 2851 595 2928 perpetuo
611 2840 747 2907 internae
764 2841 930 2908 defensioni
948 2842 1165 2928 suppeditetur.

66 2953 220 3022 Offensiva
233 2974 304 3021 vero
314 2957 422 3025 militia
432 2957 683 3046 addefeusionem
693 2956 825 3023 civitatis
845 2960 884 3024 ab
895 2957 1167 3037 iniuriisextrinse·

66 3092 118 3138 eus
127 3073 228 3138 allatis
236 3072 383 3158 pertinet,
395 3090 490 3157 neque
500 3080 544 3136 est
553 3081 712 3158 perpetua,
725 3073 1040 3160 usqueinamoribilis,
1053 3072 1121 3148 sed,
1133 3091 1167 3138 re
1241 3156 1244 3160 Δ

65 3187 249 3271 postulante,
262 3194 444 3252 convocatur
453 3195 483 3250 et
492 3185 617 3261 iterum,
630 3187 762 3272 perfecto
771 3189 900 3272 negotio,
911 3189 1081 3260 dimittitur,
1095 3207 1165 3252 enm

66 3301 167 3388 etipsa
176 3301 326 3387 pericula,
342 3321 420 3390 quae
431 3301 777 3368 extrinsecusimmiuere
785 3313 923 3388 possunt,
937 3325 995 3368 nou
1006 3300 1165 3379 continuo,

66 3417 114 3483 sed
123 3417 251 3482 incertis
260 3426 378 3485 tantum
388 3427 417 3483 et
426 3417 687 3504 saepeimprovisis
696 3419 880 3505 temporibus
888 3419 1067 3485 inferentur.

105 3531 222 3619 Estque
244 3540 399 3617 praeterea
414 3533 492 3599 inter
510 3535 649 3599 militiam
666 3532 730 3601 sive
749 3535 848 3620 potius
867 3535 928 3601 vim
954 3534 1106 3619 publicam
1124 3532 1168 3598 ci·

69 3647 170 3714 vitatis
198 3645 374 3736 offensiorem
398 3659 429 3715 et
455 3647 642 3738 defensircm
668 3651 729 3715 alia
750 3670 867 3737 quoqne
885 3648 1071 3728 differentia,
1091 3642 1193 3737 quae*

69 3761 204 3829 maxime
216 3771 261 3828 est
283 3764 427 3830 notanda.
449 3765 563 3851 Nempe
583 3765 692 3829 militia
711 3763 854 3831 offensiva
872 3785 988 3854 semper
1005 3765 1118 3850 impetn
1137 3773 1169 3831 et

70 3898 222 3943 armorum
248 3879 278 3944 ri
306 3880 449 3948 adversm
472 3889 588 3945 exteros
618 3881 772 3948 civitatem
799 3880 943 3948 defendat
968 3898 1088 3947 necesse
1111 3890 1169 3958 est.

69 3992 397 4080 Sed-quemadmodum
417 3995 532 4064 civitati
550 3995 664 4082 duplici
682 3995 906 4062 modointerna
916 3995 1061 4081 pernicies
1070 3995 1170 4061 immi·
1249 4000 1253 4005 ’

70 4129 140 4175 nere
156 4117 271 4195 potest,
289 4092 342 4175 ant
354 4108 393 4183 ab
409 4111 774 4203 Imperantislibidinibus
788 4112 852 4178 sive
866 4113 1071 4197 oppressione,
1086 4120 1172 4179 ants
1272 4173 1276 4179 ,

69 4225 258 4292 subditorum
277 4225 399 4292 licentia
417 4225 480 4293 sive
490 4225 667 4303 rebellione,
680 4227 723 4292 ita
734 4223 844 4312 duplici
857 4245 974 4314 quoque
985 4225 1102 4293 ratione
1119 4225 1173 4291 de·
1221 4216 1260 4292 ’ῖέ

70 4341 188 4416 busita
200 4341 308 4412 militia
317 4342 464 4414 internam
473 4338 605 4421 civitatis
615 4343 870 4416 conseruationem
880 4350 997 4411 tuetur.
1016 4343 1085 4428 Qui
1094 4345 1173 4414 enim
1245 4409 1247 4413 ,
1292 4340 1294 4346 ’
