2806 5324
696 394 773 470 tte

122 670 124 683 Ι
183 577 297 641 tuostri
319 589 521 646 conservetur.
549 582 607 645 Sed
628 604 807 668 quamquam
828 607 945 649 summa
965 585 1053 665 hujus
1071 586 1225 654 ministerii
1245 589 1276 655 in

122 688 125 713 ³
186 703 305 758 »nostra
323 715 448 778 persona
458 697 615 773 consistat,
629 709 730 763 tamen
749 709 778 763 et
798 700 1276 769 diviuaauctoritatem-bumana

174 808 391 872 »ordinatione
416 806 458 874 ita
476 833 531 897 pcr
542 818 646 898 portes
672 811 800 878 dicisum
827 838 889 880 esse
916 816 1123 903 cognoscitur,
1147 827 1181 880 ut
1198 838 1277 882 unus

166 924 328 1009 »quisque
355 934 486 989 vestrum
515 927 546 990 in
573 948 628 991 suo
655 928 720 992 loco
746 938 775 992 et
802 930 906 994 ordine
931 940 1045 1014 partem
1071 932 1164 995 nostri
1184 932 1273 995 mini*

144 1054 182 1094 ἰ
203 1040 284 1104 sterii
310 1039 424 1104 habere
453 1051 659 1128 coquoscatnr.
694 1044 780 1109 Unde
803 1054 943 1128 apparet,
969 1045 1049 1129 quod
1069 1065 1124 1127 ego
1143 1047 1276 1110 omnium

137 1166 177 1207 ’³
206 1162 336 1220 vestrum
356 1156 525 1222 admonitor
551 1178 615 1223 esse
639 1159 753 1233 debeo,
777 1169 807 1223 ct
824 1178 925 1223 omnes
944 1180 995 1225 vos
1014 1160 1106 1223 nostri
1125 1160 1276 1239 adjutores

126 1278 178 1321 >³
206 1288 268 1332 esse
286 1269 427 1335 debetis»
444 1269 505 1356 (1).

219 1383 328 1467 ltaque
351 1385 441 1449 modo
467 1386 586 1471 Imperii
604 1388 710 1452 divisio
737 1388 814 1466 juste
834 1387 1037 1470 intelligatur,
1062 1408 1097 1450 ea
1114 1409 1173 1451 non
1196 1362 1276 1453 nova

122 1501 220 1562 est
241 1499 337 1563 virtus
353 1499 546 1564 monarchiae
565 1503 831 1575 constitutioualis,
852 1502 904 1565 sed
922 1500 954 1565 in
968 1503 1074 1585 quavis
1101 1500 1276 1573 monarchia

124 1614 296 1698 ¹‘eperiri
318 1624 432 1698 potest,
466 1616 542 1680 adeo
569 1625 602 1679 nt
629 1616 719 1680 etiam
752 1616 810 1679 hac
838 1616 972 1689 ratione,
1002 1615 1077 1679 nihil
1099 1615 1274 1679 monarchia

140 1730 425 1794 constitutionatis
444 1750 462 1793 a
478 1731 653 1797 monarchia
673 1731 799 1815 simplici
817 1729 944 1795 differat.

215 1845 249 1908 3.
272 1877 316 1889 -
342 1843 389 1908 Re
410 1845 513 1928 itaque
531 1845 689 1927 diligenter
708 1855 861 1931 perspecta
879 1854 994 1910 certum
1010 1853 1055 1909 est
1071 1845 1276 1911 monarchiam
1389 1909 1391 1913 ,

166 1960 576 2044 constitutionalem,qualis
594 1960 683 2023 hodie
702 1959 847 2036 habetur,
867 1983 926 2024 non
945 1981 1007 2025 esse
1026 1981 1135 2026 novam
1156 1961 1274 2046 Imperii

166 2073 318 2151 formam,
345 2075 397 2138 sed
426 2075 554 2159 speciem
580 2084 697 2138 tanturn
724 2074 934 2150 monarchiae,
963 2095 1039 2160 quae
1066 2074 1135 2139 licet
1154 2075 1275 2140 omnino

172 2201 313 2254 naturam
338 2189 401 2255 sive
429 2190 586 2254 essentiam
615 2189 807 2253 monarchiae
833 2188 965 2263 habeat,
997 2189 1035 2252 ab
1061 2209 1096 2252 ea
1123 2190 1274 2254 tamenin

171 2304 352 2391 quibusdam
368 2304 407 2368 sit
425 2304 553 2369 diversa.
572 2304 642 2368 Sola
659 2325 764 2389 nempe
781 2302 949 2368 differentia
970 2324 1046 2390 quae
1063 2303 1140 2368 iuter
1158 2316 1272 2370 utram·

172 2440 230 2505 que
257 2419 433 2493 intercedit,
458 2418 534 2483 haec
562 2429 617 2483 est.
659 2416 793 2504 Antiqua
817 2418 992 2483 monarchia
1019 2416 1134 2507 legibus
1158 2416 1274 2483 lunda-

168 2535 353 2600 mentalibus
378 2535 567 2609 naturalibus
591 2544 777 2618 supertructa
797 2535 918 2619 quidem
947 2542 1028 2605 erat,
1056 2532 1109 2595 sed
1137 2531 1195 2595 bae
1214 2553 1274 2599 nou

169 2669 289 2734 semper
306 2650 338 2715 iu
357 2651 453 2733 legem
472 2650 613 2734 scriptam
640 2648 805 2712 translatae
823 2656 919 2712 crant.
942 2648 1061 2712 Deinde
1078 2646 1194 2711 lormae
1211 2647 1274 2714 sive

169 2765 389 2839 institutiones,
422 2785 500 2850 quae
521 2765 560 2828 ad
578 2765 658 2846 leges
674 2763 916 2828 lundamcutales
936 2764 1128 2828 monarchiae
1148 2786 1271 2833 servan·

169 2880 227 2945 das
249 2879 443 2964 spectabant,
469 2881 517 2946 vel
543 2879 634 2945 etiam
662 2880 743 2962 leges
767 2879 923 2963 politicae,
953 2898 1030 2963 quae
1048 2881 1272 2946 consecutiones
1314 2891 1323 2927 -’

170 3006 202 3061 et
231 2997 314 3062 velut
342 2994 560 3081 progressiones
587 3003 673 3059 erant
701 2996 832 3080 ipsarum
861 2994 960 3075 legum
980 2993 1269 3072 lundamcutalium,

168 3111 321 3174 nonsatis
339 3110 464 3175 firmiter
484 3120 569 3175 erant
589 3111 784 3183 constitutae,
805 3108 857 3173 sed
877 3130 895 3172 a
912 3107 1047 3190 Regibus
1064 3109 1120 3172 sibi
1140 3110 1269 3176 invicem

168 3226 401 3290 succedentibus
424 3225 514 3290 facile
543 3235 573 3289 et
598 3225 661 3290 iere
678 3247 731 3309 pro
749 3225 848 3290 lubitu
867 3225 996 3298 mutari,
1016 3225 1087 3308 quin
1104 3224 1167 3286 tolli
1186 3232 1271 3309 pote·
1298 3288 1301 3293 .

167 3350 250 3405 rant.
274 3341 309 3404 ln
328 3340 503 3404 monarchia
520 3361 591 3406 vero
620 3322 872 3413 constitutionali,
903 3340 948 3403 uti
965 3337 1054 3401 hodie
1072 3338 1103 3401 in
1122 3338 1270 3423 plerisque

168 3456 341 3538 regionibus
351 3466 412 3532 est,
426 3458 506 3539 leges
515 3456 653 3540 politicae
663 3454 774 3518 firmius
793 3453 971 3518 constitutae
978 3461 1062 3526 sunt,
1077 3451 1119 3515 ita
1129 3460 1192 3514 uta
1207 3449 1268 3513 Re·

167 3572 259 3653 gibus
270 3572 447 3656 nonpossint
458 3572 567 3653 negligi
578 3579 630 3634 aut
640 3580 750 3634 temere
761 3569 915 3652 abrogari,
930 3578 959 3632 et
969 3569 1050 3652 ipsae
1060 3567 1144 3633 velut
1154 3564 1268 3629 lunda-

168 3688 318 3750 mentales
327 3686 600 3766 reddantur.Quod
611 3705 751 3766 magnum
760 3705 832 3748 sane
841 3682 1172 3767 libertatispraesidium
1182 3701 1269 3765 prae·

168 3804 239 3867 bct:
267 3803 346 3884 leges
373 3801 451 3865 enim
477 3801 616 3887 politicae
642 3821 711 3864 cum
731 3798 846 3881 legibus
865 3798 1141 3863 fundamentalibus
1164 3794 1269 3858 arctis·

173 3917 251 3982 sime
277 3915 455 3989 cohaerent,
484 3937 562 4003 quae
579 3917 642 3980 sine
660 3899 718 3979 illis
737 3935 842 3980 revera
860 3912 1064 3979 efficacitatem
1081 3911 1193 3975 habere
1210 3932 1268 3974 non

169 4044 305 4119 possunt.
330 4032 417 4097 Unde
439 4032 556 4097 laudari
584 4031 714 4096 omnimo
738 4030 826 4093 debet
847 4029 969 4102 civitas,
990 4027 1020 4090 in
1041 4047 1099 4111 qua
1120 4027 1198 4107 leges
1217 4045 1269 4108 po·

169 4152 293 4225 liticae,
323 4167 360 4213 en
394 4168 521 4234 quarum
554 4147 744 4217 observantia
768 4146 831 4230 ipsa
871 4145 970 4226 legum
999 4135 1269 4206 lundamcutalium

192 4422 236 4489 (s)
256 4419 333 4487 capo.
351 4420 382 4474 r.
400 4421 423 4474 1.
442 4438 465 4488 p.
483 4416 532 4473 osa
549 4426 573 4470 o
590 4415 648 4470 oso.
