2806 5324
697 432 800 545 rao,

177 635 319 712 perpetuo
343 624 464 692 vacillat
492 631 544 688 ant
562 624 716 714 variatur,
741 631 795 687 ant
810 639 899 686 caeco
917 617 1096 707 quandoque
1117 616 1290 685 affectuum

180 741 299 807 turbine
319 740 349 804 ln
369 740 518 804 contraria
535 739 660 824 rapitur.

219 854 300 934 Quid
321 855 411 936 igitur
428 854 485 917 sibi
504 856 569 919 vult
588 852 738 918 distinctio
755 852 811 916 ista
829 850 906 914 inter
921 848 1126 914 monarchiam
1148 847 1284 912 absolu-

181 979 244 1035 tam
272 979 303 1034 et
331 968 521 1034 mnarchiam
550 969 733 1034 limitatam?
764 967 878 1051 Nempe
898 965 922 1030 si
940 965 1120 1033 vocabulum
1149 958 1290 1028 absoluti

180 1093 262 1150 recte
280 1086 459 1171 explicetur,
484 1086 578 1152 omnis
596 1083 769 1150 monarchia
788 1083 923 1147 absoluta
939 1090 1000 1156 est,
1023 1074 1120 1165 neque
1136 1079 1287 1143 exsistere

179 1209 276 1285 potest
299 1200 492 1276 monarchia,
524 1201 555 1265 in
580 1221 647 1286 quo¹
667 1199 841 1285 Imperium,
872 1197 951 1282 quod
974 1215 1063 1281 penes
1079 1191 1286 1257 Monarcbam

179 1323 243 1390 est,
268 1335 327 1379 non
343 1316 382 1381 sit
398 1315 479 1389 omni
499 1315 652 1379 coactione
669 1314 812 1398 superius.
824 1307 1284 1392 Undemanilestesequitnrip-

183 1447 248 1492 sam
257 1416 463 1493 monarchiam
472 1429 741 1493 constitutionalem
752 1477 760 1504 ,
773 1446 955 1512 quamquam
964 1434 1045 1490 recte
1055 1423 1182 1489 limitata
1193 1421 1284 1484 dica·

179 1550 249 1618 tur,
272 1543 363 1609 etiam
373 1544 478 1609 merito
487 1542 623 1632 absoluta
639 1542 699 1606 dici
708 1561 791 1627 posse
800 1551 829 1606 et
838 1542 876 1605 ab
887 1540 945 1604 hac
955 1524 1107 1625 perperam
1119 1535 1281 1617 distingui.

219 1656 329 1722 Verum
340 1659 496 1724 exdiverso
506 1656 764 1723 nomenlimitatae
775 1654 980 1727 monarchiae,
993 1653 1071 1740 quod
1078 1650 1279 1736 jurequidem

177 1770 370 1836 monarchiae
389 1774 621 1839 constitutionali
633 1772 789 1847 tribuitur,
801 1764 1278 1835 commodissimeetiamdeanti·

178 1905 237 1970 qua
258 1888 432 1953 monarchia
450 1889 513 1956 sive
530 1888 568 1952 de
587 1887 762 1952 monarchia
776 1908 835 1950 uon
856 1882 1278 1966 constitutioualinsnrpatnr.

180 2002 317 2068 Primum
336 2024 407 2069 vero
426 2003 611 2078 cavendum,
635 2023 673 2068 ne
692 2002 730 2066 de
743 1999 919 2066 limitatione
939 1996 1056 2082 lmperii
1075 1996 1148 2060 false
1164 1995 1278 2080 opine-

177 2138 255 2183 mur.
279 2118 323 2182 Ea
342 2140 385 2182 sc.
404 2118 544 2204 loquendi
566 2118 659 2193 ratio,
679 2137 755 2203 quae
769 2103 824 2181 usu
842 2115 989 2187 invaluit,
1014 2107 1174 2198 Imperium
1193 2106 1276 2172 timi-

175 2231 256 2308 tnri,
290 2233 452 2307 admodum
477 2233 638 2319 impropria
665 2243 720 2298 est.
752 2215 913 2317 Imperium
937 2229 1034 2303 enim,
1054 2227 1153 2311 quoad
1176 2226 1273 2309 ipsam

173 2357 351 2434 potestatem
369 2345 432 2411 sive
450 2346 546 2431 ipsum
565 2347 611 2426 jus
631 2347 752 2411 limitari
772 2346 891 2431 neqnit3
916 2343 1026 2408 etenim
1044 2360 1138 2425 aquo
1158 2340 1274 2404 limita-

175 2468 259 2524 retnr
288 2460 466 2546 Imperium,
500 2462 525 2528 is
545 2462 609 2528 sine
632 2462 726 2526 dubio
743 2470 918 2545 potestatem
938 2459 1063 2524 haberet
1082 2457 1153 2532 illa,
1177 2477 1273 2542 quam

172 2574 333 2649 limitaret,
361 2576 558 2661 superiorem:
588 2597 693 2645 rerum
719 2598 755 2642 eo
781 2598 852 2642 casu
878 2554 1046 2661 posterior,
1064 2592 1123 2636 non
1140 2571 1272 2657 amplius

168 2689 250 2775 prior
267 2689 407 2754 Summus
423 2690 575 2776 lmperans
595 2702 686 2757 esset:
705 2691 735 2756 id
749 2693 828 2778 quod
847 2689 1113 2756 contradictionem
1128 2684 1269 2752 involvit.

170 2802 239 2867 Non
256 2802 360 2888 itaque
376 2804 553 2890 Imperium,
579 2806 630 2869 sed
650 2806 768 2891 Imperii
783 2805 955 2870 exercitium
976 2803 1066 2868 certis
1075 2802 1177 2868 formis
1196 2813 1266 2868 tan-

172 2938 264 3004 quam
283 2919 428 2984 limitibns
444 2920 636 2985 determinari
653 2930 759 3005 potest.
782 2921 852 2983 Jam
864 2928 963 2984 antem
974 2918 1089 2983 formae
1099 2918 1264 2997 ejusmodi,

168 3034 277 3120 quibus
296 3035 469 3099 exercitium
489 3036 626 3120 Imperii,
650 3056 687 3101 ne
706 3037 762 3100 hoc
783 3036 926 3098 abutatur
945 3032 1126 3107 Monarcha,
1146 3034 1266 3118 inqua-

167 3150 214 3218 vis
239 3151 429 3243 monarchia,
462 3152 551 3214 modo
574 3171 679 3215 revera
710 3152 778 3215 talis
807 3151 865 3225 sit,
896 3149 1032 3213 invenire
1059 3140 1139 3214 licet.
1172 3150 1267 3212 Nulla

169 3266 253 3330 enim
286 3286 349 3331 esse
387 3274 484 3351 potest
510 3265 711 3340 monarchia,
746 3265 857 3350 inqua
880 3265 1046 3330 Monarcha
1072 3266 1134 3350 ipse
1163 3264 1267 3328 omnia

166 3397 202 3442 ex
222 3380 340 3464 proprio
369 3379 481 3458 judicio
510 3388 601 3462 agat,
632 3400 686 3444 nec
712 3381 838 3444 aliorum
867 3380 990 3446 consilio
1016 3383 1169 3466 indigeat,
1193 3404 1266 3448 cnm

164 3491 230 3576 ipsa
266 3502 374 3558 natura
407 3495 530 3558 modum
563 3496 773 3580 praescribat,
810 3518 870 3582 qno
901 3497 1062 3582 imperium
1097 3499 1266 3564 Monarcha

170 3617 326 3678 exerceat:
359 3620 447 3696 atquc
483 3611 534 3675 ubi
554 3611 716 3696 principem
734 3612 833 3675 omnia
851 3633 886 3676 ex
909 3614 1025 3698 proprio
1046 3615 1158 3693 judicio
1176 3637 1266 3700 agere

164 3724 304 3803 videris,
320 3725 361 3789 ibi
395 3750 453 3791 non
477 3725 697 3802 monarchiam,
730 3728 782 3792 sed
803 3728 1032 3812 despotismnm,
1069 3731 1094 3794 si
1126 3753 1186 3796 non
1212 3741 1266 3814 ty·

163 3839 320 3903 rannirlem
337 3843 474 3908 exsistere
493 3855 574 3909 recte
591 3842 800 3930 conjicies(l).

207 3954 410 4020 Certissimum
429 3958 531 4044 itaque
551 3970 593 4024 est
604 3960 768 4045 quamlibet
781 3960 985 4024 monarchiam
1003 3981 1064 4024 esse
1078 3961 1261 4038 absolutam,

157 4071 209 4134 sotl
238 4074 328 4139 simul
358 4074 536 4147 limitatam,
569 4073 600 4139 id
633 4084 700 4148 est,
730 4077 760 4138 in
788 4097 822 4139 ea
841 4077 960 4160 imperii
978 4078 1152 4142 exercitium
1172 4081 1270 4161 certis

155 4185 259 4252 formis
284 4189 563 4256 fundamentalibus
590 4190 794 4257 determinari.
826 4191 928 4276 Atque
957 4192 1025 4257 hinc
1051 4215 1262 4265 monrxsonrx-

177 4344 216 4408 (l)
233 4345 301 4394 Dans
326 4349 349 4396 le
372 4357 563 4412 gouverncrucut
580 4351 724 4415 despotiqno
742 4366 773 4398 uu
792 4350 862 4410 seul,
878 4369 934 4400 arras
954 4353 989 4400 loa'
1005 4358 1029 4400 ct
1046 4369 1103 4401 sons
1118 4351 1204 4416 rapte,
1223 4369 1273 4402 en·

142 4440 219 4491 traice
238 4448 290 4492 tout
307 4459 349 4512 par
367 4459 392 4492 sa
410 4443 506 4497 rotomo
524 4452 547 4494 et
565 4461 607 4509 par
625 4461 662 4494 scs
679 4445 799 4510 capriccs,
817 4471 848 4484 -
865 4443 997 4501 Monxnso.
1019 4447 1068 4510 Op.
1086 4447 1105 4498 l,
1121 4446 1152 4495 ll.
1177 4450 1201 4500 l.
