2806 5324
544 372 651 461 ,91

64 563 221 652 generalis
238 559 371 633 civitatis
396 568 534 636 voluntas
557 568 737 636 declaratur.
768 566 814 632 De
843 568 900 634 hoc
924 569 1049 653 collegio
1074 580 1175 638 autem

65 699 139 776 mox
158 679 239 746 inira
257 680 401 747 dicemus.
674 671 678 677 ⁸

113 795 147 859 4.
168 831 213 845 -
235 793 301 861 IV0.
335 795 452 875 Quarta
484 794 530 861 len
558 795 794 862 fundamentalis
822 795 1017 863 monarchiae
1045 806 1108 874 est,
1142 805 1175 862 ud

66 905 173 975 adsint
196 929 324 995 corpora
345 907 494 997 quaedam
517 908 692 999 interjectu,
714 910 821 1000 quidus
833 917 964 999 potestus
983 909 1173 977 monarchias

66 1029 250 1109 temperetur
276 1031 306 1089 et
335 1026 414 1091 velut
442 1023 608 1116 dirigatur.
643 1047 658 1086 u
671 1024 729 1093 Les
755 1024 896 1111 pouvoirs
917 1004 1172 1104 intermediaired,

70 1124 304 1205 nsubordonues
323 1149 353 1204 et
379 1139 578 1227 dependente,
599 1142 779 1206 constituent
802 1142 831 1206 la
853 1148 960 1204 nature
983 1140 1024 1203 dn
1047 1162 1173 1223 gouver-

70 1259 226 1327 spument,
246 1254 491 1341 monarcbique»
511 1253 574 1339 (t).
608 1257 690 1322 Inter
719 1276 843 1342 corpora
874 1263 974 1318 autem
989 1253 1056 1318 ¹illa
1078 1255 1173 1340 primo

65 1365 136 1430 loco
154 1367 286 1432 occurrit
304 1366 466 1434 Nobilitas.
489 1368 759 1445 Monrnsqornvrus
783 1369 845 1462 ait:
868 1368 978 1453 «point
995 1367 1033 1431 de
1049 1370 1184 1454 monurss,

68 1499 175 1565 nque,
197 1479 279 1565 point
299 1482 338 1547 de
358 1483 511 1556 noblesse;
532 1483 616 1569 point
637 1484 676 1548 de
696 1485 853 1558 noblesse,
875 1481 958 1569 point
986 1485 1023 1549 de
1049 1505 1174 1551 monar-

68 1616 178 1681 uque:
202 1597 277 1662 mais
299 1619 337 1663 on
360 1617 379 1660 a
401 1618 442 1662 un
465 1597 614 1682 despote»
634 1597 693 1685 (2).
725 1598 889 1666 Videamus
908 1618 947 1661 an
966 1618 1039 1664 vera
1057 1600 1175 1666 dixerit.

113 1711 156 1776 Ut
177 1732 248 1776 vero
267 1711 403 1792 iudicare
420 1712 580 1798 possimus,
608 1712 681 1799 quid
699 1712 849 1778 Nobilitas
866 1713 898 1777 iu
914 1711 1091 1778 monarchia
1106 1736 1175 1799 pro»

67 1825 193 1910 prio-sit
214 1834 245 1890 et
261 1845 325 1891 esse
342 1824 468 1899 debeat,
485 1827 698 1912 inquirendum
715 1805 852 1901 omuino,
873 1826 983 1911 quibus
1000 1824 1094 1892 initiis
1108 1837 1174 1894 orta

65 1938 107 2004 sit
123 1947 154 2003 et
172 1940 339 2025 quomodo
357 1940 398 2005 ad
414 1940 591 2007 hodiernam
609 1941 762 2010 devenerit
772 1939 983 2005 conditionem.
1007 1938 1175 2008 Praemissa

65 2054 151 2118 euim
172 2052 314 2118 historica
343 2055 490 2135 ejusmodi
508 2056 697 2121 ‘Nobilitutis
726 2054 947 2136 recognitione,
971 2060 1080 2117 natura
1108 2053 1175 2132 ejus

67 2176 101 2234 et
117 2169 235 2233 indoles
250 2168 369 2234 lacilius
391 2170 500 2234 deiude
518 2170 655 2253 indagari
671 2191 689 2233 a
709 2168 794 2234 uobis
814 2165 933 2254 poterit.
948 2165 1008 2230 Sed
1020 2185 1075 2231 nec
1086 2187 1175 2249 aegre

64 2282 200 2354 feratur,
216 2284 293 2349 illud
319 2285 466 2373 cqpiosius
482 2286 573 2370 paulo
590 2285 712 2369 exponi:
737 2292 783 2348 est
809 2303 941 2368 namque
964 2291 1175 2363 argumentum

66 2396 294 2480 dignissimum,
313 2400 394 2484 quod
413 2400 600 2483 diligentiore
626 2400 758 2485 quadam
786 2419 859 2463 cura
885 2405 1050 2471 tractetur;
1078 2396 1175 2482 siqui-

49 2514 139 2596 dem
168 2513 307 2597 permulti
338 2514 378 2578 de
393 2513 559 2579 Nobilitate
586 2514 688 2579 odiose
715 2513 868 2596 cogitant,
909 2522 1066 2597 propterea
1093 2513 1174 2598 quod

68 2626 205 2692 nesciant
222 2637 275 2692 aut
294 2627 446 2713 inquirere
464 2628 579 2703 nolint,
603 2627 799 2714 quid'poprie
819 2628 858 2691 sit
880 2626 1043 2693 Nobilitas.
1084 2637 1087 2642 '

110 2740 237 2806 Scilicet
261 2742 341 2807 inter
367 2744 490 2820 modos,
525 2743 634 2828 quibus
662 2742 785 2807 interire
803 2750 899 2827 potest
917 2741 1045 2814 civitas,
1078 2741 1176 2825 Impe-

68 2857 202 2923 rautium
223 2856 318 2923 libido
335 2858 400 2923 sive
423 2855 578 2946 oppressio
609 2867 666 2923 est.
698 2856 857 2943 Oppressio
883 2864 983 2919 autem
1011 2853 1176 2921 universim

69 2975 194 3060 quidem
223 2982 305 3039 recte
327 2974 442 3039 deliniri
470 2976 590 3040 videtur
612 2994 724 3059 prauae
742 2971 907 3038 voluntatis
926 2979 1031 3044 actus,
1055 2967 1109 3052 qui
1124 2989 1178 3055 per

70 3088 130 3157 vim
153 3089 287 3174 aliquam
312 3089 495 3176 superiorem
514 3099 684 3162 exercetur;
709 3089 761 3153 sed
776 3087 876 3169 magis
894 3087 1028 3170 apposite
1048 3096 1080 3151 et
1099 3087 1178 3152 rati-

56 3181 126 3269 one
155 3204 339 3270 Monarcbae
365 3226 455 3290 penes
484 3227 573 3292 quem
601 3203 762 3290 Imperium
790 3201 853 3269 sire
883 3211 1016 3285 potestas
1030 3201 1180 3285 generalis

67 3318 203 3387 'civitatis
234 3299 298 3395 est,
317 3320 517 3407 ,depravatae
552 3322 642 3386 unius
673 3317 837 3388 voluntatis
867 3315 1009 3389 effectus,
1045 3316 1097 3400 qui
1126 3336 1179 3401 per

70 3434 149 3502 vires
173 3436 307 3500 omnium
328 3445 491 3502 exercetur.
515 3436 592 3501 Cum
612 3456 684 3505 vero
704 3431 855 3498 societatis
876 3430 971 3494 civilis
988 3429 1053 3494 linis
1067 3431 1125 3504 sit,
1144 3439 1179 3495 ut

66 3542 168 3615 'erret
193 3557 225 3614 et
251 3558 372 3614 tueatur
393 3551 483 3617 ¹cives
503 3571 664 3638 eorumque
683 3549 781 3624 bona,
806 3547 875 3612 hinc
889 3547 989 3611 locum
1010 3544 1102 3609 babet
1121 3564 1176 3629 op·

69 3664 198 3748 pressio,
222 3665 337 3752 quoties
356 3665 472 3733 civibus
488 3686 630 3732 eorumve
646 3663 732 3731 bonis
744 3663 845 3728 debita
856 3660 951 3725 tutela
964 3640 1023 3724 nou
1040 3666 1176 3743 praesta-

69 3785 128 3844 tur.
162 3778 204 3843 Ut
231 3788 332 3843 autem
357 3780 437 3845 cives
461 3801 622 3868 sonumque
640 3781 719 3846 bona
742 3779 886 3844 adversus
905 3772 1062 3859 pericula,
1079 3780 1171 3836 tama

70 3901 181 3957 natura
209 3914 300 3979 quam
321 3896 475 3983 amalitia
502 3894 657 3962 hominum
675 3893 881 3967 imminentia,
905 3890 1027 3956 delendi
1043 3888 1176 3973 possint,

69 4007 249 4094 requiritur,
280 4019 314 4075 nt
338 4030 408 4094 pars
436 4010 553 4080 cisium
577 4032 629 4098 per
645 4007 800 4085 militium,
828 4017 858 4072 et
875 4028 944 4093 pars
961 4007 1107 4070 bonorum
1124 4023 1177 4086 per

67 4120 182 4189 tributa
195 4125 242 4213 ¹ad
259 4124 337 4191 banc
355 4105 562 4194 defensionem
583 4123 775 4193 adhibeatur.
798 4123 859 4190 Ubi
879 4143 950 4196 vcro
971 4141 1039 4208 pars
1057 4119 1111 4186 illa
1130 4117 1173 4184 ci·

64 4334 66 4338 ,
83 4294 125 4357 (Ι)
142 4291 242 4357 Esprt't
255 4293 299 4346 dee
315 4293 364 4345 tots
379 4291 414 4344 Π.
431 4294 455 4344 4.

87 4383 132 4455 (ἲ)
151 4385 226 4439 thid,

1153 4840 1324 5012 j
