2806 5324
668 389 719 465 74

147 568 268 636 oonsilio
287 582 316 638 et
333 575 453 642 uiuendi
464 585 560 663 atque
577 577 642 645 aliis
660 578 823 665 imperandi
842 579 944 652 noto,
967 577 1120 644 dedecoris
1131 578 1242 662 plenae

146 697 213 751 sunt
235 697 264 752 et
281 689 433 754 insolentis
452 692 626 777 superbiae,
642 714 696 757 nec
717 693 779 759 ulla
796 691 955 759 deformior
972 693 1084 777 species
1100 700 1145 756 est
1165 692 1245 759 civi-

146 801 234 877 tatis,
258 823 349 891 quam
374 806 445 881 illa,
469 807 500 871 in
519 827 578 893 qua
597 807 809 895 opulentissimi
826 807 929 892 optimi
945 806 1105 872 habentur.
1130 807 1245 894 Neque

145 920 292 985 immerito
318 944 418 990 annuo
446 921 659 1007 rempublicam
686 921 793 987 aviris
811 922 906 989 solum
930 919 1074 1008 divitibus
1094 920 1247 1001 adminis-

147 1044 256 1101 tratam
279 1036 349 1114 navi
363 1045 537 1121 comparat,
561 1037 592 1100 in
610 1057 669 1122 qua
686 1037 850 1105 secuudum
872 1056 980 1103 census
1000 1034 1246 1101 aestimationem

145 1154 358 1236 gubernatores
383 1150 579 1232 eligerenturr
615 1167 727 1237 pauper
754 1170 842 1228 vero,
877 1152 932 1217 etsi
959 1148 1147 1233 gubernandi
1167 1149 1245 1213 artis

144 1267 284 1351 peritior,
308 1287 367 1330 nou
384 1264 602 1329 admitteretur.

185 1380 262 1444 Srint
287 1379 428 1457 tandem,
452 1379 503 1464 qui
520 1377 705 1444 democratia
723 1376 798 1443 nihil
816 1377 1033 1462 praestantius,
1056 1376 1133 1447 nibil
1157 1379 1244 1447 libe·

143 1493 221 1565 rius,
248 1494 364 1563 beatius
382 1493 457 1557 nihil
477 1492 627 1570 judicent,
653 1492 789 1578 hancque
807 1494 900 1562 solam
925 1493 982 1562 rite
998 1497 1241 1579 rempublicam,

143 1608 172 1672 id
197 1617 262 1683 est,
286 1629 348 1673 rem
370 1607 598 1692 populiluooari.
622 1609 732 1682 Verum
756 1630 814 1676 nou
832 1607 935 1676 vident
951 1607 1013 1685 illi,
1037 1612 1245 1681 miserrimum

143 1726 317 1809 plerumque
333 1744 395 1788 esee
412 1721 578 1788 istiusmodi
597 1722 778 1806 reipublicae
800 1731 912 1791 statum
933 1723 971 1787 ob
991 1725 1100 1796 civium
1116 1730 1244 1794 mobili.

142 1850 234 1905 talem
254 1849 283 1907 et
301 1816 552 1911 inconstantiam,
575 1836 745 1915 maximesi
763 1836 908 1905 accedant
924 1838 1243 1928 demagogi,quorum

143 1954 267 2019 incitata
290 1952 417 2020 stimulis
438 1951 522 2036 plebs
548 1952 620 2019 furit
644 1962 674 2017 et
700 1952 795 2036 rapit,
820 1952 976 2038 omniaque
1002 1975 1125 2041 surorum¹
1146 1959 1244 2025 deor-

139 2087 266 2154 sumque
281 2077 396 2144 vereat,
407 2068 509 2143 ,donec
529 2068 759 2150 demagogornm
775 2067 881 2155 aliquis
900 2071 1086 2148 tyrannidem
1100 2085 1243 2160 occupet.

99 2168 103 2177 ⁴
140 2184 204 2250 Neo
230 2182 388 2248 attendunt
410 2181 466 2246 lroo
494 2191 648 2267 praeterea
673 2166 830 2252 commuue
849 2182 956 2250 vitium
983 2186 1104 2270 reperiri
1130 2187 1162 2252 iu
1181 2211 1248 2274 po-.

140 2298 295 2382 puleribus
312 2296 503 2370 civitatibus,
524 2305 558 2360 ut
579 2295 693 2361 invidia
710 2297 822 2378 gloriae
850 2317 948 2362 comes
971 2298 1030 2374 sit,
1060 2309 1089 2365 et
1109 2301 1244 2369 libenter

140 2413 178 2476 de
197 2413 243 2483 tris
261 2412 414 2485 detrahat3
420 2407 545 2492 uulgus,
566 2431 640 2494 quos
656 2410 788 2477 eminere
805 2412 886 2479 videt
903 2413 1008 2486 altine,
1025 2434 1120 2500 neque
1137 2417 1245 2484 animo

140 2547 235 2611 aequo
259 2546 404 2610 pauperes
429 2527 558 2596 alienam
583 2525 767 2617 opulentium
794 2525 968 2592 intueantur
995 2527 1145 2594 loctunam
1176 2530 1188 2614 (
1213 2532 1243 2616 ).

140 2641 239 2730 Atque
259 2663 295 2712 eo
314 2641 401 2713 modo
418 2641 545 2713 stultitia
560 2641 655 2726 plebis
673 2661 811 2725 perverse
832 2641 1133 2719 libertatemdelioit,
1155 2664 1243 2715 eam,

140 2777 197 2843 que
216 2759 246 2821 irr
265 2755 416 2821 licentiam
433 2765 544 2830 mutat,
560 2757 589 2821 in
607 2757 781 2842 quaomnia
798 2756 855 2824 sibi
874 2757 955 2823 licita
972 2766 1074 2842 putat,
1095 2758 1242 2842 quoniam

140 2873 272 2944 omnium
297 2871 502 2944 faciendorum
532 2870 686 2941 facultate
705 2870 835 2951 gaudet:
857 2871 888 2935 in
914 2872 1052 2937 secundis
1073 2872 1163 2937 rebus
1185 2892 1239 2936 en-

138 2988 270 3060 sultam,
294 2986 325 3050 in
346 2985 478 3059 adversis
498 2985 681 3059 furibunda,
701 2985 910 3053 beneficiorum
927 2985 1095 3063 immemori
1113 2987 1242 3057 ultionis

138 3217 226 3284 nimis
247 3216 374 3287 liberum
393 3215 534 3300 populum
557 3215 679 3280 libertas
700 3214 764 3298 ipsa
785 3216 929 3285 servitute
952 3215 1041 3281 allicit
1059 3215 1118 3301 (3).

181 3334 275 3399 Porro
304 3345 460 3410 commune
492 3327 583 3398 otiam
611 3328 724 3399 malum
752 3329 954 3400 aristocratiae
976 3340 1006 3396 et
1030 3328 1240 3398 democratiae

138 3456 201 3524 est,
224 3448 303 3534 quod
323 3445 467 3517 lectiones
485 3451 513 3508 et
527 3420 737 3517 dissensiones,
757 3441 865 3527 quibus
881 3444 1047 3512 necessario
1061 3443 1238 3527 agitantur,

92 3663 98 3673 -
159 3640 200 3701 (l)
218 3638 347 3699 Clnneoe
365 3641 389 3688 in
407 3641 454 3687 rite
473 3636 562 3686 Chabr.
579 3653 600 3685 e.
620 3635 645 3690 3.
689 3689 698 3707 ⁸

52 3726 56 3736 '
157 3733 196 3794 (2)
215 3731 298 3790 Qucrrd
317 3732 340 3779 lo
356 3733 446 3797 pcnple
462 3740 498 3780 est
514 3720 617 3791 maltro,
636 3747 666 3780 on
685 3731 758 3794 o'cpil
774 3728 851 3794 qu'eu
869 3732 987 3792 tumulto,

217 3823 252 3874 La
268 3825 320 3877 eoin
336 3824 366 3877 da
384 3824 406 3877 le
424 3827 501 3879 raison
515 3824 603 3889 jamnis
621 3839 652 3872 na
670 3839 694 3878 se
713 3824 837 3881 scurrula,

250 4001 353 4068 Lepino
369 4003 412 4055 des
428 4005 505 4064 etate,
525 4004 583 4059 o’esl
599 4004 666 4053 l'etut
682 4002 820 4070 populaire.
855 4066 858 4072 η
1050 4066 1053 4071 ¹

192 4146 195 4154 A
234 4146 237 4151 ,
368 4085 369 4088 '
670 4095 828 4162 Conuersus,
848 4094 930 4149 Cicero
946 4100 993 4151 act,
1011 4097 1086 4152 lae,
1106 4096 1130 4147 l.

157 4185 199 4252 (3)
218 4191 284 4240 Maec
305 4192 361 4245 veel
380 4196 403 4242 le
421 4191 502 4239 loeeu
520 4190 541 4238 al
560 4199 585 4239 te
602 4190 660 4252 vij,

149 4308 178 4315 ν·
206 4281 265 4332 *Det
282 4285 332 4348 lept
348 4291 483 4349 eenqront
500 4289 535 4333 lot
551 4283 673 4346 eluseruij.
735 4332 738 4336 ,
788 4308 800 4335 ,-

517 4375 580 4425 Cras
596 4376 614 4425 l.
635 4392 658 4441 p.
677 4373 717 4426 76.
736 4375 794 4425 edit.
812 4373 892 4430 Feitlr,
