2806 5324
186 552 292 596 merae
315 551 391 616 pene
406 534 538 617 prolatae
564 535 623 599 sint
648 536 798 619 opiniones
822 535 1007 620 (praecipuas
1037 543 1153 598 tantum
1172 553 1286 598 memo-

186 647 291 729 ravi),
314 646 369 710 bas
388 667 490 711 omnes
509 650 546 712 ad
570 670 694 714 examen
717 671 856 716 revocare
877 650 964 714 nimis
993 651 1113 732 longum
1140 647 1203 712 lore
1230 667 1285 730 pu·

186 758 321 824 tavimus
345 761 403 844 (l).
428 761 531 841 Quare
548 764 642 827 missis
659 772 844 828 caeterorum
862 764 1033 837 sententiis,
1056 764 1136 828 solus
1164 763 1194 826 in
1217 781 1286 825 cen·
1370 764 1372 779 “

186 895 256 938 sum
282 875 382 938 veniat
412 897 693 952 nonensonrnvrus‚
724 880 830 964 quippe
853 879 938 959 cnjus
961 878 1096 943 doctriua
1115 877 1153 940 de
1173 875 1230 940 bac
1254 894 1286 938 re

186 990 359 1053 mirandam
390 988 501 1075 ubique
530 990 794 1056 diversissimorum
827 994 979 1059 bominum
1015 989 1286 1074 comprobationem
1366 994 1369 1001 '

185 1112 279 1167 nacta
297 1113 353 1168 est.
372 1103 458 1183 Quae
480 1113 579 1168 tamen
598 1106 756 1170 celebritas
774 1104 1157 1191 potiusnotitiaecnmmuni
1169 1103 1286 1188 linquae

184 1216 366 1292 Francicae‚
386 1239 479 1302 quam
496 1218 586 1309 ipsius
603 1219 756 1284 doctrinae
774 1223 973 1304 praestantiae
986 1222 1144 1286 tribuenda
1156 1222 1284 1288 videtur.

230 1329 346 1394 Divisio
356 1340 456 1395 autem
477 1331 542 1409 ejus
560 1353 655 1417 neque
664 1343 789 1397 naturae
799 1335 923 1400 veritate
934 1336 1056 1407 nititur,
1071 1356 1166 1421 neque
1176 1336 1284 1418 logices

182 1445 351 1529 praeceptis
370 1467 536 1527 congruens
552 1457 607 1511 est.
621 1447 715 1524 Nam,
728 1447 774 1512 uti
783 1448 844 1526 jam
854 1468 942 1532 supra
955 1449 1122 1512 monuimus
1131 1449 1284 1534 ,triparti-

180 1567 249 1621 tam
268 1558 386 1641 Imperii
404 1560 579 1625 divisionem
594 1560 862 1645 instituit‚,nempe
881 1562 911 1624 in
929 1561 1141 1642 legislativum,
1153 1563 1283 1649 executi·
1368 1580 1370 1587 '

182 1694 254 1740 vam
275 1682 306 1738 et
325 1674 513 1753 judiciariam
534 1684 721 1758 potestatem.
743 1675 812 1739 Jam
832 1697 903 1741 vero
924 1678 1051 1762 primum
1071 1678 1179 1762 duplex
1194 1675 1225 1740 iu
1248 1697 1284 1741 ea

179 1790 352 1854 invenimus
381 1790 627 1858 laudamentum,
659 1789 689 1852 id
717 1799 777 1864 est,
806 1791 968 1855 adiversis
987 1791 1185 1874 distinguendi
1206 1791 1283 1856 notis

180 1903 277 1968 ducta
296 1913 340 1967 est
358 1904 474 1971 divisio.
496 1903 662 1966 Potestates
691 1904 770 1968 enim
801 1903 957 1982 judiciaria
985 1915 1014 1970 et
1042 1907 1195 1971 executiva
1222 1927 1280 1970 non

179 2016 323 2082 dillemnt
343 2019 473 2090 ratione,
488 2041 547 2104 qua
560 2038 630 2082 'sese
648 2027 802 2091 exserunt,
824 2039 891 2081 cunr
911 2028 1037 2104 utraque
1059 2021 1090 2083 in
1108 2021 1223 2104 legibus
1240 2019 1278 2115 ad

178 2156 287 2199 causas
305 2135 460 2200 obvientes
476 2133 658 2218 applicandis
676 2141 839 2196 versentur.
863 2130 1011 2213 Differunt
1030 2143 1146 2197 tantum
1164 2135 1278 2198 ratione

175 2249 383 2326 objectorum:
408 2249 636 2328 adjudiciariam
662 2269 703 2310 sc.
723 2248 868 2330 pertinent
886 2267 932 2311 res
949 2257 979 2312 et
998 2249 1128 2312 actiones
1147 2227 1276 2329 singulo-

174 2384 242 2426 rum
255 2364 366 2430 civium
380 2365 506 2436 interce,
526 2363 588 2428 sive
608 2383 705 2425 rerum
724 2360 918 2443 litigiosarum
937 2363 1063 2436 decisio;
1080 2363 1117 2425 ad
1135 2369 1276 2446 potuero
1358 2342 1360 2346 ’

174 2477 365 2541 executivam
377 2477 548 2570 relectipse
564 2453 825 2547 uournsoumvrus
842 2476 923 2560 pacis
939 2466 967 2539 el
987 2475 1057 2540 belli
1066 2477 1273 2556 indictionem,

175 2597 348 2676 legatorum
373 2589 539 2657 missionem
568 2601 599 2655 et
624 2591 841 2674 receptionem,
867 2591 1035 2655 securitatis
1052 2612 1155 2656 curam
1175 2600 1273 2655 caete·

171 2728 267 2794 saque
292 2706 411 2771 similia.
450 2752 451 2755 ,
547 2688 549 2698 ι
702 2717 705 2725 “

217 2821 335 2884 Deinde
360 2842 432 2887 vero
458 2821 576 2887 diversa
605 2819 713 2883 iterum
744 2819 858 2882 ratione
884 2826 1045 2901 potestates
1064 2816 1219 2895 executiva
1242 2827 1271 2883 et

171 2933 331 3013 judiciaria
352 2957 370 2998 a
393 2935 560 3015 legislativa
586 2933 821 3015 distinguuntur.
853 2931 929 2996 Cum
956 2933 1035 2996 enim
1053 2925 1218 3000 executiva
1239 2940 1270 2996 et

170 3049 330 3128 judiciaria
353 3058 512 3134 potestates
538 3048 568 3110 in
600 3068 639 3121 eo.
663 3057 838 3122 versentur,
865 3057 899 3111 ut
926 3067 1032 3110 causas
1048 3047 1201 3132 vspeciales
1231 3048 1270 3111 ad

168 3184 291 3227 normas
317 3163 501 3248 universales
527 3161 590 3227 sive
615 3163 695 3243 leges
716 3162 854 3242 exigant,
874 3172 1004 3245 potestas
1024 3163 1193 3244 le'gislativa
1212 3159 1270 3227 'bas

168 3277 250 3360 ipsas
266 3299 385 3342 normas
406 3276 588 3340 universales
606 3273 792 3359 praescribit.
826 3275 933 3339 Differt
961 3274 1052 3358 igitur
1082 3276 1122 3339 ab
1147 3275 1184 3340 iis
1211 3295 1269 3340 non
1307 3285 1309 3290 '

168 3392 285 3456 ratione
306 3392 510 3471 objectorum,
534 3392 585 3456 sed
605 3391 720 3455 ratione
741 3390 886 3464 ambitus,
911 3412 970 3476 quo
990 3390 1170 3455 continetur.

182 3552 185 3557 >
212 3505 257 3569 Ex
280 3505 326 3569 bis
344 3506 433 3588 igitur
453 3515 534 3591 patet
552 3495 729 3570 divisionem
750 3526 985 3577 uonnnsoumvn
1007 3505 1090 3568 nullo
1107 3505 1195 3585 modo
1215 3505 1268 3568 ad·

164 3618 246 3682 mitti
270 3641 374 3704 posse,
398 3621 505 3705 quippe
526 3629 602 3704 quae
619 3619 730 3703 duplici
751 3619 864 3683 nitatur
884 3616 1101 3692 fundamento,
1125 3638 1193 3684 cum
1216 3639 1269 3702 po·

164 3743 258 3798 testas
286 3736 453 3818 legislativa
485 3734 602 3798 ambitu
631 3732 772 3818 quidem,
801 3753 859 3796 non
897 3733 1018 3796 ratione
1042 3731 1226 3812 obiectorum
1252 3752 1270 3794 a

163 3857 314 3930 potestate
335 3849 494 3928 judiciaria
516 3857 546 3912 et
567 3847 723 3913 executiv'a
741 3845 779 3911 sit
802 3847 942 3920 diversa;
966 3846 1024 3911 hae
1053 3868 1124 3916 vero
1149 3847 1268 3912 omnino

183 4043 227 4108 (l)
243 4048 289 4106 Qui
305 4062 361 4096 roro
376 4065 416 4097 ees
435 4064 519 4096 ornnes
536 4048 623 4112 exponi
644 4044 690 4094 sibi
710 4046 792 4110 cupit,
810 4044 881 4099 adeat
902 4047 1001 4111 specim.
1025 4045 1076 4108 jur.
1100 4016 1186 4108 irrau'p.
1203 4036 1277 4095 Cona'.

146 4150 179 4185 nu
202 4151 312 4205 usurus,
330 4141 361 4189 de
380 4140 486 4206 Imperio
512 4141 585 4190 ciuili
599 4143 626 4190 in
642 4145 728 4204 portes
748 4139 919 4188 distribuendo
936 4139 961 4186 iu
978 4137 1055 4188 bend.
1073 4136 1191 4200 Groniug.
1210 4154 1277 4187 aurio
1372 4146 1376 4154 “

145 4230 212 4280 1819
237 4231 336 4284 defense
360 4249 382 4284 n.
405 4235 443 4299 2.,
467 4235 511 4296 qui
534 4234 560 4282 in
577 4235 605 4292 iis
624 4231 771 4301 exponendis
787 4238 811 4280 et
828 4230 990 4296 dijudicandis
1005 4229 1080 4284 multu
1098 4245 1154 4279 usus
1173 4239 1209 4281 est
1224 4231 1280 4280 dili·

139 4327 239 4390 gentis.

1231 4818 1372 4952 ...r
