2806 5324
776 356 828 428 66

257 543 384 607 Tartaro
405 542 589 627 proiectum,
613 563 666 606 nec
691 545 802 628 aliquid
824 545 906 630 pejus
928 543 1088 625 excogitari
1112 546 1244 628 potuisse
1272 546 1360 612 exis-

258 658 360 732 timet,
385 658 464 740 quod
487 657 524 720 ad
544 657 737 723 evertendam
756 661 969 743 rempublicam
996 660 1090 741 magis
1113 660 1225 744 ubique
1245 659 1372 759 saciata

745 936 855 1077 lv.

176 1293 182 1302 ,
257 1251 327 1314 nn
351 1247 528 1319 ramas
548 1249 760 1351 amenum
778 1249 994 1326 rourum,
1015 1252 1081 1315 nn
1100 1216 1355 1326 ouannnrr

634 1363 717 1428 sun
747 1362 957 1451 ornrmn.

250 1605 351 1652 Omnes
375 1602 488 1668 1mperii
514 1601 619 1651 formae
645 1601 699 1651 ruis
725 1601 901 1651 incommodis
926 1607 974 1650 aul
1000 1597 1125 1665 periodis
1151 1597 1297 1661 Ιὼοιιυῑ,
1324 1609 1356 1650 et

270 1711 349 1760 simul
367 1710 506 1776 proprium
526 1711 662 1776 qrroddam
683 1726 715 1760 ao
735 1711 879 1760 relativum
898 1710 1001 1758 bonum
1020 1707 1123 1756 habere
1141 1717 1267 1773 possunt.
1288 1717 1336 1750 -'-

289 1819 419 1886 Quaertio
434 1819 532 1885 igitur,
551 1837 686 1885 quamn
705 1836 738 1869 ex
756 1819 788 1868 iis
808 1819 842 1868 sit
861 1819 979 1885 optima,
1003 1818 1126 1867 absolute
1146 1818 1259 1883 quidem
1279 1828 1313 1869 et

309 1945 326 1977 a
351 1927 435 1994 priori
458 1930 549 1995 quoad
575 1946 668 1979 omnes
693 1930 822 1995 populos,
854 1928 919 1978 solvi
949 1926 1054 1994 nequit.
1077 1954 1118 1966 —
1136 1929 1289 1992 Perspecto

239 2077 241 2081 .
327 2048 421 2089 tamen
434 2007 562 2104 cujusque
574 2037 679 2087 formae
699 2039 728 2086 in
747 2038 886 2100 nominer,
902 2037 984 2103 inque
997 2035 1131 2086 contemtia
1143 2034 1269 2085 ordinem

346 2147 508 2209 efficientia,
532 2146 620 2196 form·
640 2147 812 2196 manmhioa
824 2146 928 2212 optimo
940 2145 1055 2195 dicenda
1072 2144 1188 2194 videtur.
1203 2170 1246 2183 -

297 2366 324 2428 l.
347 2399 389 2410 --
412 2363 672 2442 Quemadmodum
694 2362 725 2425 in
747 2361 810 2427 vita
833 2361 964 2425 bumana
987 2361 1062 2426 nibil
1083 2347 1201 2446 plenam
1225 2362 1347 2447 perfec-

248 2479 358 2541 tionem
385 2477 543 2547 admittit,
560 2479 602 2540 sic
630 2477 739 2552 etiam,
764 2477 816 2540 ubi
844 2477 943 2542 varias
966 2476 1252 2560 rerumpublicarum
1275 2477 1349 2542 for-

247 2607 313 2654 mas
332 2592 499 2655 accuratius
521 2590 747 2672 investigemus,
774 2590 929 2655 latendum
949 2602 1009 2665 est,
1027 2612 1128 2656 ornnes
1151 2591 1264 2656 babere
1284 2614 1347 2657 sua

248 2704 420 2776 commoda,
453 2698 588 2767 laborare
616 2724 734 2787 qnoque
764 2725 865 2769 omnes
894 2705 1088 2769 incommodis
1118 2704 1189 2770 suis.
1229 2706 1347 2771 Verum

247 2820 326 2882 enim
343 2837 414 2883 vero
432 2837 511 2902 quae
530 2819 757 2902 inunaquaque
777 2819 894 2881 illarum
910 2820 1019 2883 vitiosa
1033 2828 1084 2881 aut
1099 2816 1235 2882 morbida
1250 2830 1343 2895 sunt,

246 2931 349 2994 sedulo
371 2932 489 3011 agnosci
511 2933 622 3002 solent,
644 2933 740 3016 deque
759 2930 794 2994 iis
812 2931 951 2994 continuo
970 2953 1065 2996 sermo
1083 2931 1230 3006 babetur,
1251 2953 1345 3018 prop-

245 3056 327 3110 terea
347 3045 428 3129 quod
447 3065 482 3108 ex
499 3046 561 3109 istis
579 3044 656 3108 vitiis
675 3044 814 3108 continuo
834 3047 914 3109 mala
932 3047 994 3130 pati
1020 3046 1236 3120 existimemuss
1261 3069 1346 3132 quae

245 3180 317 3226 vero
334 3160 365 3223 in
382 3159 486 3222 eadem
508 3159 638 3222 civitatis
657 3159 753 3224 forma
772 3160 858 3223 utilia
876 3168 905 3223 et
922 3169 1085 3244 opportuna
1105 3168 1189 3235 sunt,
1205 3182 1266 3224 non
1282 3163 1344 3227 nisi

245 3297 313 3342 raro
333 3284 363 3339 et
382 3279 399 3338 a
418 3274 521 3357 paucis
539 3274 749 3347 attenduntur,
769 3283 923 3356 propterea
941 3274 1019 3356 quod
1040 3275 1087 3337 his
1106 3277 1268 3339 commodis
1285 3299 1344 3342 nos

244 3392 305 3474 pati
323 3388 472 3475 prohiberi
491 3387 607 3450 facilius
627 3388 767 3471 quidem,
789 3410 878 3472 quam
898 3388 1086 3462 bencelini,
1110 3389 1283 3481 sentiamus.

285 3503 387 3566 Solent
404 3521 525 3586 quoque
553 3500 688 3564 homines
712 3522 765 3584 per
792 3503 956 3576 vocabula,
980 3503 1088 3585 quibus
1106 3510 1255 3577 utuntur,
1277 3527 1345 3571 non

240 3618 421 3689 columma,
449 3616 501 3679 sed
528 3625 558 3678 et
582 3616 627 3677 sui
653 3615 743 3678 animi
768 3614 910 3688 affectus,
940 3627 1012 3702 puta
1042 3638 1192 3690 amorem,
1212 3619 1341 3697 odium,

238 3730 328 3804 iram,
347 3740 376 3793 et
394 3729 497 3813 quanti
517 3729 584 3792 illas
603 3730 775 3800 aestiment,
793 3749 853 3792 una
872 3729 1046 3811 significare.
1069 3732 1189 3796 Scilicet
1204 3720 1237 3796 iu
1254 3739 1342 3802 omni

218 3863 272 3912 ,re
290 3844 369 3928 quod
387 3844 439 3906 uni
461 3841 591 3917 arridet,
609 3842 659 3905 alii
678 3841 846 3916 fastiditur,
867 3853 896 3907 et
915 3865 981 3908 eam
1006 3867 1092 3930 saepe
1120 3850 1248 3933 quisque
1272 3853 1341 3916 rei-

238 3958 377 4042 publicae
397 3956 523 4020 formam
542 3956 669 4039 expetit,
688 3956 794 4039 inqua
813 3957 940 4021 maxime
961 3957 1134 4026 bonoratur.
1157 3962 1258 4028 Probe
1276 3964 1340 4048 igi·

236 4081 286 4136 tur
306 4066 534 4136 examinandum
559 4077 621 4141 est,
652 4069 704 4132 ubi
731 4069 832 4134 odiosa
850 4071 1025 4154 ¹aliquando
1051 4075 1170 4139 nomina
1197 4076 1340 4163 Imperiis

232 4186 285 4253 tet
301 4185 529 4270 'Imperantibus
554 4184 764 4268 imponantur,
786 4193 886 4248 utrum
912 4186 964 4250 ilia
988 4187 1070 4252 bisce
1092 4190 1197 4267 marito
1216 4214 1339 4260 conve-

235 4298 336 4374 niant,
360 4301 516 4364 ansolum
539 4297 629 4362 animi
655 4296 736 4378 eius,
766 4299 816 4380 qui
840 4300 944 4365 eadem
974 4302 1285 4384 adhibet,iudiciu1n
1306 4320 1338 4374 et
