2806 5324
674 353 730 447 64

162 543 346 609 executivam
365 548 541 628 'potestatem
564 534 697 617 exercet,
720 541 810 626 ipsius
833 539 1006 623 legislatoris
1027 538 1094 617 iura
1115 537 1174 602 sibi
1196 528 1252 603 su-

158 670 224 723 mat
248 657 306 742 (l).
1164 666 1167 673 '

207 775 261 836 llis
290 791 359 835 vero
391 780 471 835 recte
500 770 656 848 objicitur,
688 768 830 846 injustam
851 764 1265 853 administrationematque

163 888 272 964 ciuium
285 922 288 927 ·
299 885 513 970 oppressionem
530 905 590 950 nou
608 884 664 948 nisi
685 883 716 948 in
732 884 854 964 singulis
871 883 968 947 causis
984 901 1020 947 ac
1039 883 1128 948 rebus
1146 883 1253 947 locum

163 1001 274 1065 babere
290 1021 392 1085 posse·
404 998 481 1064 Hinc
500 998 670 1064 executivae
688 998 845 1083 potestati,
865 1016 943 1083 quae
961 997 998 1062 tle
1015 995 1266 1080 singuliscaueie·

162 1113 284 1188 statuit,
312 1116 377 1200 plus
396 1113 519 1199 periculi
539 1114 635 1189 inest,
656 1132 783 1196 eamque
800 1112 1031 1198 oppressionem,
1053 1111 1077 1176 si
1097 1104 1252 1194 legislati-

161 1249 230 1292 vam
258 1237 288 1292 et
313 1228 500 1292 executivam
523 1236 698 1313 potestatem
716 1226 890 1306 conjunctas
907 1243 968 1290 uua
984 1243 1108 1311 persona
1123 1232 1249 1292 teneat.

162 1365 221 1408 uon
248 1363 299 1427 per
321 1341 542 1425 tessellato,
561 1343 613 1407 sed
632 1343 783 1407 abutendo
800 1341 831 1407 in
846 1342 968 1425 singulis
985 1339 1082 1405 causis
1100 1347 1252 1424 potestate

162 1458 330 1524 serecutiva.¹
358 1456 545 1542 Quapropter
569 1457 787 1541 separationem
816 1455 1003 1538 legislatirae
1028 1455 1183 1540 potestatis
1208 1455 1251 1519 ab

82 1627 84 1633 ,
161 1571 314 1636 exocaliva
332 1571 445 1635 nullam
463 1570 623 1635 utilitatem
638 1568 809 1635 habituram
830 1579 961 1655 apparet.

207 1685 323 1763 Deinde
339 1705 425 1758 vero,
455 1683 479 1747 si
499 1662 623 1750 diversis
639 1684 769 1768 penoris
787 1685 864 1749 dnae
883 1692 1041 1770 potestates
1057 1681 1249 1758 tribuantur,

162 1798 194 1862 iu
213 1797 377 1878 legislativa
397 1778 542 1882 potestate
562 1821 621 1863 uon
639 1800 694 1864 erit
711 1799 775 1875 vis,
802 1791 860 1885 qna
878 1797 969 1884 possit
987 1796 1122 1863 resistere
1133 1813 1263 1862 ‹execu··
1287 1810 1291 1824 ‘

163 1911 244 1978 lirae
260 1911 398 1995 potestati
416 1890 602 1994 tyrannidem
620 1911 783 1981 allectauti.⁴
805 1912 890 1977 Licet
909 1911 989 1976 enim
1007 1910 1173 1993 tegisl'aur'a
1189 1931 1251 1996 po·
1276 1927 1279 1931 ·

163 2033 253 2088 testas
280 2024 453 2100 executiva,
483 2026 580 2091 nullas
606 2035 705 2091 tameu
723 2025 815 2090 babet
832 2027 930 2100 vires,
958 2025 1067 2110 quibus
1085 2024 1194 2090 efficiat
1214 2033 1261 2089 ut*

162 2141 241 2222 leges
259 2137 397 2224 effectum
413 2140 590 2217 sortiantur,
606 2143 773 2227 quibusque
790 2142 863 2224 legis
879 2150 1051 2206 contentum
1068 2149 1121 2204 aut
1129 2140 1250 2222 neglec-

166 2268 231 2323 tum
245 2257 399 2342 impediat.
417 2255 502 2320 Licet
518 2256 608 2337 igitur
622 2265 810 2340 separentur,
830 2257 945 2321 nullom
957 2229 1262 2340 ades'tpraesidium,³

165 2371 273 2457 nequi
293 2372 397 2452 legum,
407 2368 608 2439 executionem
623 2369 731 2444 babet,
752 2391 808 2435 sua
824 2373 968 2456 potestate
985 2371 1137 2434 abutatur.
1143 2409 1153 2423 ,-

188 2536 191 2541 .
209 2483 405 2549 Acutissimus
422 2482 553 2567 (leuique
571 2505 655 2549 uuna
673 2483 719 2570 (2)
737 2485 955 2570 separationem
967 2479 1125 2568 >potestatis
1143 2496 1259 2546 euecu··

168 2600 251 2665 lirae
275 2619 296 2662 a
320 2596 618 2682 legislativa'probat
633 2598 718 2675 ideo,
743 2599 822 2684 qnorl
839 2599 865 2663 si
883 2612 968 2664 secus
988 2608 1080 2674 esset,
1100 2599 1254 2681 legislator

168 2712 231 2779 cuis
252 2712 343 2798 ipsius
366 2712 582 2794 legibusesset
608 2712 778 2791 subjectus,
806 2731 881 2797 quas
898 2713 1168 2797 exsequi-deberet.
1190 2711 1261 2776 Seu·

48 2898 51 2908 ,
171 2835 252 2892 recte
279 2829 489 2912 respondetur,
516 2827 593 2893 nibil
620 2827 770 2892 continere
794 2827 1023 2912 repugnantiae,
1041 2825 1066 2892 si
1086 2826 1154 2911 quis
1170 2825 1259 2908 leges

171 2943 269 3019 leuat,
290 2962 364 3029 quas
382 2942 444 3026 ipse
461 2941 499 3006 ad
518 2939 723 3007 executionem
741 2940 850 3004 ducere
868 2940 992 3015 debeat,
1014 2934 1180 3025 quibusque
1192 2937 1256 3023 ipse

171 3077 204 3123 sc
232 3057 401 3131 submittat
418 3055 469 3119 Sic
490 3055 622 3120 bumana
643 3055 720 3122 ratio
740 3056 836 3138 legem
858 3055 1039 3138 agendorum
1060 3050 1253 3139 praescribit,

166 3171 223 3258 ,cni
243 3170 302 3254 legi
323 3169 387 3255 ipsa
408 3170 601 3255 obtemperat.
1062 3186 1064 3192 ’
1204 3163 1208 3169 ’
1239 3189 1242 3193 ’

198 3340 201 3346 .
217 3284 308 3350 Hisce
323 3293 423 3350 autem
442 3284 585 3349 omnibus.
595 3284 758 3368 probaton
769 3293 828 3361 est,
847 3304 903 3350 uos
917 3283 982 3363 jure
996 3281 1118 3356 dixisse,
1135 3293 1259 3364 separa·

173 3401 283 3464 tionem
311 3399 446 3483 Imperii,
474 3399 500 3463 si
530 3398 786 3482 quaudo‘iustitui
803 3407 916 3483 posset,
938 3387 1051 3464 ct'vitati
1068 3395 1149 3459 nullo
1166 3393 1259 3457 morlo

43 3595 55 3615 ·
88 3535 90 3540 ’
174 3513 355 3578 fructuosam
372 3513 449 3576 lore:
467 3515 527 3575 imo
543 3514 640 3596 potius
649 3514 837 3578 statuendam
850 3515 982 3586 videtur,
1002 3512 1260 3590 camsiuemaguu

173 3626 304 3713 periculo
319 3625 416 3689 locum
432 3624 542 3689 babere
553 3646 613 3690 uon
628 3647 711 3709 posse
725 3637 754 3691 et
765 3625 990 3710 repugnantiam
1002 3625 1167 3690 involveres
1185 3640 1259 3685 uam

218 3741 337 3815 Primo,
373 3738 398 3804 si
431 3739 554 3805 diversis
581 3740 712 3823 personis
738 3741 907 3804 tribuantur
933 3741 998 3820 iura
1023 3736 1159 3824 Imperii,
1187 3734 1260 3798 inde

176 3857 276 3923 enasci
292 3863 429 3941 poterunt
447 3855 627 3928 collisiones,
652 3855 760 3937 quibus
777 3855 827 3931 fit,
846 3865 878 3918 nt
897 3857 1013 3938 negotia
1033 3855 1132 3922 civilia
1148 3851 1261 3916 exitum

176 3994 235 4039 uon
262 3972 410 4042 babeant;
441 3988 538 4053 neque
557 3969 690 4050 intelligo
714 3970 802 4053 quale
817 3970 856 4034 sit
876 3990 1000 4056 corpus,
1016 3968 1106 4054 cujus
1126 3959 1280 4032 membra‘

177 4088 324 4166 disjuucta
345 4086 426 4151 nullo
448 4084 567 4150 vinculo
589 4080 777 4149 cohaereant.

200 4245 239 4311 lt)
257 4245 294 4298 Gt.
311 4248 373 4296 iuter
390 4246 449 4297 ulios
464 4255 630 4306 aerumnose,
647 4259 677 4306 op
694 4243 713 4293 l.
730 4242 756 4292 b.
775 4241 793 4290 l.
812 4239 851 4291 cb.
869 4242 882 4290 2
901 4241 951 4291 mir.
969 4241 992 4294 b.
1011 4241 1031 4290 1.

201 4343 239 4404 (2)
258 4341 305 4407 Op.
322 4344 340 4393 l.
357 4341 371 4408 ς
389 4340 430 4390 49.
