2806 5324
675 384 787 497 ruo

159 577 198 642 ad
218 573 384 661 reparanda
401 572 581 648 homicidia,
602 572 748 649 vulnera,
774 572 926 650 convitia,
946 572 1080 654 iujurias.
1106 572 1270 664 composa

155 691 254 764 bones
277 699 377 755 autem
406 688 473 753 illas
498 703 516 752 a
543 707 594 753 reo
620 689 779 755 solvendas
805 710 868 757 esse
888 689 953 755 Rex
970 711 1125 777 nunquam
1143 691 1270 756 decreto

160 805 304 883 jubebat,
331 804 389 868 uisi
410 803 493 887 prius
513 804 545 868 iu
567 804 683 886 maguis
704 804 795 870 totius
817 805 914 887 gentis
936 805 1072 890 placitis,
1091 805 1269 892 inquibus
1295 808 1299 865 ζ

161 921 199 983 de
221 919 284 1003 ipsa
307 938 397 982 causa
417 919 614 1000 cognoscebat
636 921 779 1004 populus,
804 919 942 986 delinitae
964 929 1062 985 esseut
1084 918 1147 1005 (1).
1177 973 1181 979 .
1299 928 1305 997 'q

206 1028 277 1096 Post
300 1051 370 1096 vero
390 1033 507 1097 exculta
518 1035 614 1116 magis
632 1035 774 1100 societate
790 1034 929 1120 politica,
950 1050 1042 1120 quom
1057 1035 1149 1099 simul
1166 1033 1268 1115 majo·
1301 1020 1305 1077 l

161 1167 224 1210 reru
244 1146 388 1211 bonorum
409 1148 525 1233 copiam
542 1149 784 1234 requisivissent,
803 1149 900 1234 ipsum
916 1148 992 1214 baec
1007 1148 1197 1216 servandiet
1214 1150 1269 1215 de-
1300 1080 1305 1277 i

160 1259 302 1324 leudeudi
318 1261 450 1324 studium
466 1261 533 1325 illos
551 1263 660 1337 suasit,
681 1272 714 1327 ut
733 1265 813 1347 leges
832 1265 957 1350 scriptas
970 1264 1028 1329 sibi
1042 1275 1267 1349 compararent.
1293 1272 1296 1311 ³

160 1373 205 1438 Ex
224 1396 283 1460 quo
300 1375 391 1458 igitur
408 1376 548 1462 antiquas
564 1397 633 1443 suas
652 1380 882 1445 consuetudines
900 1379 931 1444 iu
949 1379 1029 1462 leges
1046 1379 1176 1465 scriptas
1193 1401 1267 1446 cou·
1301 1406 1305 1479 j

159 1489 311 1555 dideruut.
346 1490 424 1557 Hinc
452 1492 570 1559 codices
597 1494 765 1568 Saxonum,
800 1493 1056 1578 wisigothorum,
1080 1493 1265 1578 Longobar·
1299 1520 1305 1591 q

158 1603 283 1680 dorum,
307 1605 572 1688 Burgundionum,
597 1609 791 1695 aliorumque.
1301 1594 1305 1669 l

201 1719 272 1783 Jaru
303 1730 402 1784 antem
428 1723 508 1804 leges
533 1722 669 1797 salicae,
703 1724 943 1809 antiquissimum
971 1729 1052 1788 certe
1078 1723 1116 1789 de
1141 1721 1202 1789 bac
1222 1744 1257 1789 rc
1295 1726 1305 1791 l

159 1844 403 1910 monumentum,
430 1857 448 1900 a
478 1836 612 1921 Regibus
638 1841 788 1905 communi
811 1839 948 1905 adhibito
975 1837 1165 1904 comitiorum
1184 1860 1294 1905 con··

154 1967 242 2016 seusu
277 1948 356 2012 latae
392 1946 529 2019 fuerunt:
573 1951 802 2021 ‹Dicloreront
830 1951 965 2023 Salicum
996 1953 1089 2042 legem
1120 1973 1264 2040 proceres

155 2061 277 2148 »ipsius
300 2071 375 2152 gent
375 2062 419 2129 is·
408 2113 478 2141 ......
508 2065 562 2131 boc
584 2067 733 2133 decretum
751 2075 796 2132 est
815 2067 903 2156 opud
918 2068 1034 2158 Regem
1050 2066 1081 2133 cl
1104 2065 1264 2172 principes
1303 2096 1305 2101 ·

157 2177 240 2267 ejus,
264 2186 294 2245 et
309 2173 393 2266 opud
408 2183 547 2241 cunctum
560 2178 704 2265 populum
724 2174 956 2254 Christianum,
978 2173 1266 2266 quiiulruregrcrrm

154 2291 399 2384 Meroringornm
416 2288 619 2356 consistunt.»
641 2291 681 2357 m
699 2312 768 2355 curu
784 2291 841 2356 sub
863 2313 1040 2357 cuonovuno
1058 2291 1074 2357 Ι
1091 2291 1190 2379 ,(481)
1212 2293 1259 2358 le·
1281 2291 1284 2295 ’
1303 2368 1305 2375 ,

157 2428 225 2492 gem
243 2407 374 2471 Salicum
391 2405 423 2470 in
444 2405 594 2470 nonnullis
612 2406 789 2471 mutandam
808 2426 871 2472 esse
891 2408 1080 2493 apparuisset,
1104 2428 1175 2473 eam
1188 2429 1260 2473 mu·
1301 2428 1305 2449 ¹

154 2523 230 2590 tavit
252 2522 336 2595 Rex,
361 2508 602 2603 cognitorumm
623 2520 809 2586 comitiorum
831 2542 986 2587 consensu.
1017 2521 1146 2604 Legitur
1176 2524 1260 2588 euim
1294 2598 1297 2605 ¹

155 2638 186 2707 in
211 2636 367 2723 prooemio
387 2637 477 2722 ipsius
493 2636 583 2718 tegis:
616 2656 631 2694 ιι
644 2635 844 2701 Crooovunos
866 2660 937 2702 uno
948 2659 1016 2713 cmo
1033 2635 1168 2719 Francis
1185 2659 1260 2724 per-

157 2750 324 2819 »tractavit
342 2761 377 2816 ut
395 2752 435 2817 ad
456 2751 559 2816 titulos
578 2750 690 2837 aliquid
711 2752 838 2836 amplius
857 2746 1009 2818 adderet»
1027 2751 1085 2839 (2).
1185 2814 1188 2819 .

168 2930 171 2935 .
199 2865 245 2930 Ao
274 2875 429 2952 postquam
455 2888 591 2931 conotus
620 2863 780 2933 Mor·lcllns
810 2866 900 2953 (717)
920 2867 1041 2934 comitia
1059 2867 1259 2934 illa-abolere

156 2991 281 3046 conatos
298 2980 419 3059 luisset,
439 2991 468 3047 et
486 3003 610 3046 carmos
630 2979 722 3066 (752)
743 3001 779 3044 ea
797 3003 850 3065 pro
866 2992 950 3066 parte
965 2995 1151 3067 revocasset,
1161 3009 1261 3065 cauo·
1301 3040 1304 3044 .

157 3117 214 3160 cns
241 3116 364 3160 uranos
390 3095 512 3161 tandem
543 3094 633 3181 (768)
663 3095 819 3181 pristinum
837 3095 885 3175 jus
904 3098 1091 3165 comitiorum
1111 3100 1144 3165 in
1159 3109 1262 3170 totum
1295 3168 1298 3173 ,

158 3208 287 3275 reduxit.
310 3209 432 3296 Neque,
461 3209 493 3275 id
520 3209 650 3285 iaciens,
680 3208 885 3276 arbitrabatur
912 3213 1021 3298 populo
1045 3235 1101 3279 suo
1126 3215 1263 3297 gratiam

155 3323 308 3409 quandam
334 3334 386 3389 aut
412 3343 525 3390 meram
551 3324 763 3395 liberalitatem
792 3325 973 3402 concedere,
1003 3329 1057 3394 sed
1082 3328 1264 3401 institutum
1297 3336 1300 3341 ’

156 3438 310 3524 quoddam
338 3440 424 3524 quasi
450 3440 588 3505 naturale
607 3448 637 3504 et
656 3441 874 3517 necessarium,
894 3443 975 3528 quod
991 3442 1263 3515 suiruutecessorea

155 3548 269 3629 iniuste
299 3553 527 3630 subverterant,
555 3575 631 3619 asc
657 3556 818 3620 restaurari
847 3555 991 3621 credebat
1009 3557 1071 3645 (3).
1093 3559 1132 3624 Et
1150 3579 1264 3630 revera

156 3687 300 3730 ιιιιιοιιιιι
322 3689 455 3733 ιιιιιιιιιιι
482 3669 513 3733 iu
540 3668 657 3763 legibus
681 3670 843 3736 condendis
873 3672 1059 3737 comitiorum
1079 3694 1267 3744 consensum

155 3780 346 3852 adhibuisse,
364 3799 465 3846 omues
483 3780 599 3866 antiqui
616 3783 775 3867 scriptores
792 3785 974 3855 auctoritate
989 3807 1046 3851 oua
1063 3786 1262 3869 confirmant,

154 3895 249 3965 veluti
266 3917 425 3962 ιιιιιιιιιιιιι
444 3895 477 3960 in
494 3895 641 3963 Tractatu
659 3895 696 3964 dc
716 3896 821 3965 ordine
840 3899 968 3987 palatii,
992 3902 1045 3969 ubi
1063 3904 1153 3970 docet
1170 3926 1188 3964 ιι
1200 3929 1260 3975 οι.

160 4060 211 4160 ἶ(ι)
229 4091 269 4146 Cl.
290 4107 367 4162 supro
382 4112 439 4164 paq.

173 4186 213 4252 (2)
231 4187 290 4240 vid.
308 4187 371 4240 cod.
388 4190 469 4256 loquor
485 4191 645 4256 antiquaretur
661 4186 852 4244 Lindeubroekii
868 4212 898 4262 p.
917 4193 976 4251 347.

179 4276 223 4343 (3)
239 4279 309 4340 Quod
325 4281 411 4334 iisdem
428 4285 506 4335 verbio
522 4287 632 4343 obrorrat
649 4300 887 4354 rouuarttrruumur,
906 4291 1010 4343 histoire
1026 4294 1057 4345 δι
1075 4293 1187 4348 locem
1206 4313 1274 4366 you.

145 4388 215 4430 corn.
232 4375 262 4425 do
280 4376 305 4425 lc
321 4375 421 4439 Franco
438 4377 467 4430 t.
485 4378 508 4432 l.
525 4395 551 4446 p.
568 4377 627 4436 arb.
659 4416 662 4420 .
