2806 5324
636 325 688 399 m
716 281 719 288 .

108 518 192 585 rium
217 515 265 584 vet
289 514 435 581 bonorum
453 535 530 602 qnae
551 515 742 587 adcaetcras
759 521 859 600 partes
876 505 1215 576 ornnes-defendendas

111 619 288 705 adhibetur,
320 623 367 696 vei
394 629 486 697 nirnia
515 632 562 696 vel
592 651 651 697 non
666 629 814 696 sufficiens
837 628 894 702 sit,
916 625 1020 711 ntique
1034 620 1216 708 opprimitur

111 747 217 814 civitas
233 755 286 811 ant
304 743 433 812 saevitia
451 753 481 810 et
496 741 679 831 cupiditate,
703 753 756 809 aut
773 742 890 807 incuria
909 728 939 804 ct
954 739 1100 819 socordia.
1110 737 1218 826 thue

111 860 203 944 igitur
220 858 405 955 opprimendi
422 860 540 935 occasio
558 861 700 936 tollatur,
716 878 843 948 necesse
856 865 900 922 est
921 865 955 920 nt
973 876 1043 942 pars
1062 855 1220 923 cividmet

111 995 181 1062 pars
208 975 372 1052 bonorum,
396 996 474 1063 quae
492 977 531 1042 ad
554 975 757 1043 defensionem
778 971 917 1040 adhiberi
936 969 1047 1047 debet,
1069 979 1219 1039 accurate

112 1089 291 1157 definiatnrs
313 1091 367 1159 ubi
386 1091 562 1157 enimcives
579 1111 742 1179 eorumque
763 1089 842 1156 bona
859 1087 949 1160 modo
966 1070 1221 1184 omnibusutilis·

112 1206 187 1271 simo
216 1205 339 1274 firmiter
358 1208 569 1295 disponantur,
594 1205 779 1284 Monarcba,
808 1205 834 1271 si
852 1203 973 1292 qnando
988 1200 1153 1289 perniciem
1173 1199 1223 1267 ci·

111 1321 213 1390 vitatis
232 1322 361 1406 cogitet,
386 1324 422 1389 iis
446 1325 485 1389 ed
502 1323 721 1410 oppressionem
738 1320 785 1387 nti
803 1309 862 1387 non
880 1318 1005 1388 valebit.
1059 1298 1067 1313 ⁸

7 1463 10 1471 ·
47 1528 50 1532 ἡ
138 1434 247 1522 ¹Apud
266 1439 403 1526 antiquos
424 1448 525 1503 antem
544 1439 673 1525 populos
689 1437 723 1503 in
741 1436 844 1523 primis
859 1435 947 1521 -npnd
967 1433 1150 1522 Aegyptios,
1173 1428 1222 1499 nti

111 1568 148 1615 ex
166 1550 373 1620 Hebraeorum
395 1554 638 1639 historia-patet,
662 1574 721 1639 quo
738 1551 879 1638 impensis
897 1550 1029 1636 publicis·
1040 1549 1221 1621 subsistere·

112 1676 183 1742 tur,
206 1667 302 1751 magis
320 1668 493 1735 bominibus
509 1689 601 1756 quam
618 1668 704 1735 bonis
721 1668 837 1737 tributa
852 1666 1099 1754 imponebantur,
1123 1674 1155 1730 et
1180 1665 1223 1732 ad

112 1781 252 1851 facienda
281 1801 372 1867 opera
397 1782 520 1868 publica
550 1782 689 1850 adbiberi
715 1783 852 1849 solebant
871 1783 962 1851 servi.
984 1783 1089 1870 anue
1106 1783 1223 1865 agendi

103 1897 191 1967 'ratio
210 1897 267 1963 hoc
286 1896 407 1982 quidem
424 1917 497 1985 prae
515 1917 548 1962 se
568 1895 684 1962 ferebat
702 1898 914 1973 commodum,
939 1906 974 1962 nt
996 1917 1052 1963 nec
1072 1896 1154 1967 buna
1172 1899 1224 1966 ci·

114 2013 197 2082 rium
223 2011 344 2079 tributis
371 2022 586 2088 onerarentur,
617 2033 673 2079 nec
699 2013 755 2099 ipsi
774 2033 898 2101 operum
916 2012 1106 2100 publicorum
1127 2035 1234 2083 caum

114 2127 372 2219 praestationibus
384 2129 590 2215 personalibus
609 2137 815 2204 vexarenturc·
837 2128 890 2193 sed
908 2128 983 2192 dnm
999 2110 1139 2196 dominiis
1151 2130 1225 2200 sive

115 2241 287 2311 horninibus
304 2251 464 2328 parceret,
486 2242 542 2328 ipsi
559 2241 739 2309 humanitati
749 2263 839 2329 guam
849 2242 978 2308 maxime
988 2242 1221 2329 adversabatur.

135 2357 514 2440 ⁴Quemadmodnmnero
534 2357 595 2431 ita,
620 2356 693 2423 licet
702 2377 840 2441 perverso
849 2356 959 2433 modo,
984 2357 1222 2444 prohibebatur,

13 2460 17 2471 ‘
116 2493 154 2536 ne
174 2471 413 2539 nimiistributis
432 2469 563 2541 dominia
579 2471 690 2537 civium
711 2472 936 2547 minuerentur,
959 2472 1002 2537 sic
1021 2493 1224 2559 qnoquecau·

117 2595 182 2651 tum
200 2595 284 2660 erat,
308 2607 345 2652 ue
363 2606 435 2672 prae
450 2585 558 2653 militia
579 2595 699 2653 caetera
715 2587 835 2671 negotia
854 2586 956 2677 civilia
973 2586 1038 2654 aire
1054 2586 1225 2676 professio?

118 2724 170 2769 nes
188 2692 419 2795 negligerentur.
442 2701 510 2769 Lex
527 2702 654 2788 qnippe,
678 2683 1113 2786 ntisingntisfamiliincertunr
1121 2723 1225 2790 qum·

119 2818 191 2885 dem
216 2818 428 2906 professionem
457 2819 669 2894 abscribebat,
700 2816 786 2897 cuins
802 2817 978 2884 exercitium
992 2837 1016 2882 e·
1027 2815 1164 2910 patribus
1182 2818 1233 2885 ad»

118 2935 193 3003 tilios
216 2908 342 3012 abibat,
373 2937 416 3001 sic
443 2943 540 3004 certas
567 2932 714 3018 quudnn
741 2931 873 2998 familias
896 2932 1091 3017 designabat,
1114 2932 1226 3019 quibus

120 3050 336 3121 unicelicitum
353 3061 418 3116 erat
437 3048 576 3116 mititiam
593 3068 747 3138 exercere;
772 3048 951 3136 atquehinc
969 3049 1162 3117 habebantur
1178 3045 1233 3113 fre-⁴

121 3165 223 3233 miliae
248 3166 410 3241 militares,
434 3165 524 3230 aienti
545 3172 632 3228 erant
651 3161 785 3230 familiae
802 3165 1028 3243 sacerdotales,
1050 3173 1143 3250 aterne
1160 3162 1228 3249 ipsa

117 3280 242 3365 '‘familia
257 3282 350 3364 regia.
374 3279 534 3344 Rationem
553 3287 655 3343 autem
671 3278 761 3360 hujus
777 3281 855 3365 legis
873 3302 909 3346 ex
925 3283 987 3367 ipsa
1004 3278 1156 3346 societatis
1171 3299 1229 3343 nn·

123 3406 192 3460 tura
210 3397 379 3461 derivatam
397 3415 460 3460 esse
479 3403 574 3480 putet.¹
595 3396 745 3460 Nimirum
764 3417 826 3461 una
852 3417 921 3462 cnm
937 3392 1230 3460 societate-homini>-

74 3576 77 3582 .
124 3512 181 3579 bus
205 3521 294 3577 natae
321 3513 441 3578 fuerunt
456 3510 657 3576 necessitates
686 3512 799 3575 nrnltac
826 3512 890 3577 sive
915 3511 1131 3594 indigentiae,
1149 3532 1230 3598 quae

124 3635 230 3711 sponte
247 3625 338 3692 etiarn
355 3628 466 3719 multas
484 3635 513 3690 et
533 3625 633 3697 varias
651 3625 847 3709 professiones
859 3626 1053 3691 induxerant.
1068 3627 1231 3712 lpsaeuim

126 3740 292 3809 communis
310 3724 577 3806 omniumntiiitas
598 3739 740 3818 iubebat,
759 3750 793 3804 ut
811 3741 862 3826 qni
882 3741 913 3806 in
929 3742 1074 3808 societate
1092 3740 1232 3809 virerent

128 3859 249 3925 diversa
276 3866 447 3922 exercerent
470 3877 615 3930 munera,
638 3865 733 3943 utque
751 3855 861 3938 singuli
879 3856 1003 3942 aliquod
1021 3878 1131 3922 munus
1145 3878 1232 3923 exer·

126 3983 239 4044 cerent.
264 3973 341 4039 Hinc
361 3982 488 4038 naturae
505 3971 715 4061 convenienter
733 3967 764 4039 in
775 3946 973 4058 antiqnisiliis
992 3970 1168 4038 civitatibus
1183 3971 1230 4039 ui·

128 4087 172 4152 bil
195 4097 347 4173 praestare
375 4086 491 4166 civitati
520 4109 578 4150 non
600 4086 708 4152 licebat
728 4087 877 4175 cuipiam:
900 4087 1028 4172 ideoque
1047 4087 1094 4152 lex
1111 4086 1232 4152 unicui·

128 4222 186 4287 que
202 4225 311 4268 mnnns
324 4204 388 4269 sive
406 4202 620 4288 professionem
643 4204 795 4290 quandam
816 4202 1007 4287 assignabat,
1031 4201 1173 4286 inquam
1191 4199 1232 4266 fi·

128 4318 161 4384 lii
177 4317 313 4404 patribus
328 4319 533 4385 succederent.
1139 4298 1142 4301 ¹
