2806 5324
576 424 641 500 ,ὦ

51 614 219 702 -ugropnlus
234 608 388 680 dividetur
396 592 549 678 iu'oer'tas
561 614 692 679 classes·
703 594 804 698 Atque
818 611 848 677 in
863 612 905 675 ea'
917 610 1059 678 diuisione
1068 607 1156 674 insti·

64 726 377 813 »coerceto-prinis
395 729 521 794 eminuit
538 741 712 812 magnorum·
731 727 932 810 legislatorum
948 723 1071 810 peritia.
1089 721 1158 788 ctin

62 842 241 914 ueuournis'
251 850 378 928 semper
386 843 722 927 democratiaeejnsque
736 840 888 907 felicitatis
902 830 1050 906 stabilitas
1061 837 1156 924 posita

64 956 275 1042 »scillite
308 988 321 997 ¹·
366 962 404 993 ³·
914 962 918 969 ’
955 960 958 969 “

95 1071 155 1136 :En
170 1079 287 1136 arundo*
306 1070 398 1136 eliam
416 1071 531 1154 legem,
554 1071 703 1157 quaesti·
716 1071 814 1136 miuus
828 1068 960 1155 perlecta
975 1068 1088 1147 inerit,·
1108 1067 1151 1133 cl·

55 1184 307 1273 :vitetipo'pulari
319 1185 504 1254 eversionem
522 1184 662 1253 minatur.
685 1186 799 1251 Romae
811 1184 931 1272 quidem
943 1187 1065 1248 suerrus
1078 1204 1154 1247 run·

53 1324 138 1368 -uros
156 1304 299 1389 populum
318 1302 350 1367 in
367 1302 542 1367 sex'classeo
559 1300 676 1373 divisit;
700 1299 897 1365 Athenienses
927 1319 997 1366 uero
1020 1298 1155 1364 conoein

65 1424 199 1507 quatuor
215 1424 343 1482 teritum.
363 1413 500 1481 Alterid
515 1417 651 1490 'studuit,
674 1424 707 1481 ut
734 1415 902 1499 designaret
919 1420 978 1483 'eos
993 1414 1044 1501 qui
1055 1413 1157 1478 debe·

65 1539 138 1597 rent
150 1531 285 1614 eligere,
297 1533 387 1598 -otrcr
401 1553 479 1599 ¹uero
506 1531 574 1605 eos,
597 1525 649 1618 qui
668 1532 737 1616 eligi
754 1540 887 1618 possent3
914 1532 988 1595 alter
1009 1529 1048 1592 ad
1064 1527 1155 1591 ratio-

56 1646 416 1722 decantandorum,-
430 1648 508 1712 alter
524 1664 594 1715 tero
615 1647 653 1712 ad
669 1646 900 1713 democraticum
923 1647 1030 1710 classc's
1056 1643 1157 1707 distri·

58 1761 153 1828 droit:
175 1770 302 1846 uterquc
318 1771 437 1838 tamen,
460 1761 763 1836 omniumcornensu,
787 1761 910 1826 eximius
918 1756 1154 1842 legislatcrdnit,

68 1874 141 1940 licet
158 1875 189 1941 in
208 1855 351 1944 divisione
371 1873 403 1941 r'n
420 1898 481 1969 qua
497 1873 592 1941 omnis
609 1873 807 1942 democratire
824 1877 905 1942 scius
924 1896 1039 1961 semper·
1051 1869 1155 1937 eroti-

54 2010 129 2077 ·qrcc
155 1987 254 2077 posim
282 1987 355 2076 frid,
391 1991 544 2063 rationem
571 1992 660 2076 plane
676 1991 844 2075 oppositam
867 1990 965 2056 secuti
991 1990 1058 2056 sint.
1093 1985 1157 2053 Alii

71 2114 193 2191 qnoque
206 2104 391 2186 legislatores
400 2105 481 2171 ,alias
497 2106 658 2191 potuissent
676 2107 835 2173 divisiones
850 2105 1014 2179 adhibere,
1030 2120 1158 2188 quarum

69 2217 403 2304 singoli-snisqniqoe
419 2221 600 2304 argumentis
617 2222 823 2287 excellentiam
841 2221 905 2286 sinc
924 2217 1015 2285 dubio
1035 2217 1162 2313 probas·¹

69 2342 150 2400 sent.
172 2333 224 2399 sto
251 2333 379 2401 Athenis
405 2337 495 2401 etiam
514 2358 703 2402 corcrnnrns·
714 2338 779 2402 loco
797 2338 926 2422 quatuor
943 2329 1046 2400 decem
1063 2330 1159 2398 tribus

70 2445 217 2522 instituit,
241 2456 271 2513 et
285 2471 458 2514 nnuurnrus
475 2473 673 2517 rouroncnrns
686 2450 983 2536 ilridcmlduodccim.

115 2559 248 2646 Apparet
259 2561 359 2645 igitur·
372 2562 405 2628 in
423 2562 481 2630 lroc
501 2565 658 2648 legenihil
676 2586 739 2631 esse
758 2563 973 2641 necessarium,
990 2564 1066 2631 nihii
1076 2563 1159 2657 quod

69 2675 96 2740 ci
109 2695 210 2741 seces
240 2675 350 2754 interit,
378 2688 478 2744 rerttm
494 2688 621 2747 naturae
637 2682 862 2749 adversabitur:
886 2676 956 2766 crgo
972 2701 1032 2746 non
1049 2688 1094 2745 est
1110 2679 1159 2743 ler

69 2788 318 2876 ficndon'rculale'sa
435 2798 440 2807 ”
477 2798 481 2806 ’
584 2798 587 2805 “
613 2798 616 2809 “
871 2800 876 2807 ’

115 2905 163 2987 3⁰,
183 2905 278 2980 oter,
298 2923 381 2992 -qooe
397 2908 519 2976 modurn
538 2910 644 2978 delinit¹
657 2911 948 2997 suffragiaierendi,
972 2910 1032 2977 alia
1050 2921 1093 2977 eet
1111 2911 1158 2976 lox
1181 2914 1184 2921 “

71 3016 333 3088 »fundamentalis
349 3023 557 3092 democratiae.
575 3026 700 3110 Insignis
717 3025 1156 3114 quaestioestsuffragiaclam‚

55 3183 57 3186 v
72 3162 90 3198 u
101 3151 144 3200 an
158 3137 258 3221 palam
271 3137 342 3204 terri
357 3140 463 3205 melius
480 3141 529 3207 sit.
553 3141 656 3209 Cicero
675 3145 761 3209 docet
780 3126 859 3227 leges
873 3143 1077 3216 Tabellarias‚
1091 3140 1158 3226 qui·

73 3250 158 3316 »bns
175 3250 298 3320 e'autuin
317 3254 390 3332 soit,
401 3255 605 3343 ursnffragta
628 3258 706 3327 clam
724 3259 795 3325 ferri
813 3260 955 3327 deberent
968 3307 976 3333 ,
987 3258 1159 3341 interprae-

71 3369 206 3456 ucipuas
225 3372 369 3438 exstitisse
389 3370 513 3450 causas,
528 3376 567 3439 ob
581 3392 660 3460 'quas
678 3374 859 3460 Respublica
871 3373 1007 3439 Romano
1027 3375 1161 3461 perierit.

73 3487 214 3553 »vernn
241 3501 310 3552 cttttt
337 3488 412 3554 illud
429 3489 469 3555 in
495 3487 592 3558 raritr
604 3489 819 3577 rebuspublicis
837 3489 928 3556 variis
942 3490 1037 3555 modis
1057 3489 1159 3574 peragi
1179 3564 1182 3570 ι

73 3601 212 3678 recolent,
236 3598 330 3671 de'eo'
340 3603 397 3671 hoc
414 3600 535 3691 quid'em
551 3602 737 3670 sentiendum
752 3624 815 3669 esse
830 3604 901 3690 puto
909 3650 987 3671 .......
997 3615 1062 3669 caet
1073 3605 1159 3691 (2).»

116 3715 410 3785 Profectolrorninls
433 3728 467 3784 et
493 3736 591 3785 rerum
611 3719 810 3786 homanorum
828 3719 971 3806 perfectio
989 3721 1019 3785 in
1038 3720 1161 3788 civitate
1269 3721 1272 3727 ’

60 3870 64 3875 ·
70 3833 208 3920 populari
234 3833 439 3902 videturesse
457 3830 742 3925 condendaeque
760 3859 829 3901 nou.
852 3830 930 3902 sanc
948 3818 1030 3903 illam
1050 3837 1158 3904 londa·

70 3948 181 4014 mentis
205 3970 312 4036 parum
339 3950 440 4016 solidis
469 3944 654 4016 aedificatam
680 3943 762 4027 esse,
789 3951 832 4019 ita
851 3939 983 4038 apparet.
1006 3954 1063 4018 Hic
1081 3954 1160 4018 enirn

63 4065 181 4132 iterum
196 4066 295 4149 'legem
315 4063 459 4132 memorat
474 4076 597 4144 auctor,
624 4069 741 4154 quaesi
759 4061 889 4156 perlecta
906 4091 965 4134 non
984 4070 1094 4143 luerit,
1114 4069 1162 4152 ci-¹

67 4180 152 4252 vitas
168 4203 236 4248 mox
253 4184 291 4248 ad
308 4183 458 4249 interitum
477 4183 570 4268 redigi
589 4178 705 4272 poterit.
729 4184 794 4272 lpse
811 4160 1071 4283 nournsomnvrus
1086 4185 1162 4279 lalc-

89 4325 130 4386 (Ι)
147 4321 209 4374 lbid.
227 4329 301 4391 paulo
316 4328 414 4382 intortus
430 4346 455 4396 p.
472 4327 516 4379 8οι

89 4424 131 4487 (2)
148 4419 213 4477 tuit.
229 4437 254 4488 p,
270 4417 313 4479 83.
