2806 5324
593 378 644 456 95

55 566 144 636 rium
164 563 309 632 nobilitas
329 565 414 652 (nam
431 567 475 634 ita
493 590 553 635 uuo
571 570 690 637 nomine
707 567 848 636 dicuntur
867 571 1087 665 privilegiorum
1103 573 1158 640 bo·

56 703 230 769 uocumque
256 680 401 765 insignia,
430 684 581 770 quibnsa
610 687 734 773 reliquis
752 687 869 753 civibus
885 666 1160 772 notinguehanorj

55 796 137 862 nibil
158 796 241 861 aliud
259 793 349 861 luerit
365 816 457 882 quam
475 797 598 889 cognito
617 799 714 868 nirtos
738 800 796 888 (i).

102 909 283 984 Caeterum,
301 910 346 1009 uti
362 909 486 976 Nobiles
503 922 623 999 propter
637 915 798 980 militarem
817 915 1030 999 praestantiam
1040 913 1157 982 beredi—
1216 992 1221 999 ¹

56 1024 148 1091 tariis
168 1023 335 1090 honoribus
353 1024 577 1104 afficiebantur,
599 1028 643 1094 ita
662 1050 783 1116 quoque
801 1031 839 1096 ad
857 1031 996 1095 militia‘m
1015 1050 1158 1095 exercen-

57 1140 132 1206 dam
146 1138 311 1204 manebant
328 1138 481 1206 adstricti:
501 1140 690 1208 tribuebatur
707 1145 786 1211 euim
803 1145 844 1210 iis·
857 1143 997 1210 nobilitas
1011 1144 1049 1209 ob
1068 1164 1156 1231 prae·

57 1255 174 1319 claram
192 1253 353 1328 virtutemr
376 1265 411 1321 ut
428 1256 533 1342 itaque
550 1277 586 1321 ea
603 1257 715 1324 virtute
732 1279 764 1322 se
782 1281 841 1324 non
860 1258 1040 1343 degenerare
1058 1269 1157 1324 osten'·

57 1368 166 1433 terent
193 1388 249 1433 nec
276 1369 439 1454 privilegiis
464 1370 525 1435 suis
542 1370 636 1453 gratis
652 1369 827 1448 uterentur,
845 1372 885 1439 ad
903 1372 1158 1459 conservationem

56 1483 245 1568 reipublicae
263 1483 406 1550 contiuuo
420 1485 546 1567 vigilare
564 1484 630 1564 inre
647 1484 868 1570 obligabantur.

102 1597 170 1662 Hoc
189 1588 282 1681 igitur
299 1600 388 1666 modo
408 1619 445 1664 ex
461 1599 528 1686 ipsa
546 1598 711 1664 nobilitatis
733 1609 859 1677 natura,
882 1620 960 1687 quae
977 1600 1158 1668 hereditaria

55 1724 145 1791 erat,
165 1724 195 1781 et
215 1736 306 1803 qnam
323 1714 472 1780 militandi
489 1713 619 1779 officinm
631 1716 797 1780 necessario
805 1724 835 1780 et
845 1716 986 1782 continno
995 1715 1160 1783 comitaba-

55 1837 126 1903 tur,
145 1851 252 1916 corpus
265 1827 398 1895 omnium
418 1827 571 1894 Nobilium
585 1830 724 1895 militiam
736 1831 889 1916 cumton
904 1841 1077 1919 perpetuam
1096 1831 1159 1901 effi·

56 1943 197 2020 ciebant,
212 1934 313 2031 'quam
325 1941 509 2032 defensionne
529 1944 762 2030 appellavimus,
781 1944 844 2012 sive
865 1945 991 2031 qnaead
1008 1945 1158 2012 defensio·

56 2077 129 2123 nen
147 2057 278 2125 civitatis
297 2059 447 2124 internam
464 2059 637 2144 spectabat,
658 2067 689 2123 et
707 2077 786 2144 qnae
802 2058 923 2124 omnino
940 2059 1159 2126 diversnerata

55 2175 168 2240 militia
185 2171 344 2250 offenovs,
361 2193 443 2260 qnae
461 2194 479 2238 a
498 2173 624 2239 caeteris
643 2172 759 2239 civibus
784 2172 943 2249 omnibus,
966 2174 1088 2259 quando
1112 2193 1160 2265 res
1190 2214 1193 2225 ·

56 2287 250 2374 postulabat,
281 2276 486 2354 exercebatur.
523 2286 722 2353 coetaneo
746 2306 786 2352 ne
815 2295 917 2373 putes,
945 2308 1000 2353 nos
1022 2286 1054 2351 id
1081 2287 1160 2379 uelle

52 2403 243 2489 significare,
276 2412 329 2470 aut
342 2403 468 2470 Nobiles
484 2423 639 2489 uunquam
658 2403 696 2468 ad
715 2403 854 2468 militiam
873 2400 1047 2467 offensivam
1067 2402 1158 2481 luisse

55 2521 225 2605 obligatos,
249 2528 302 2584 aut
320 2539 356 2584 ex
371 2518 495 2604 reliquis
515 2519 630 2586 civibus
647 2519 685 2583 ad
701 2527 816 2584 certum
825 2537 983 2584 numerum
994 2527 1024 2584 et
1033 2520 1158 2585 modum

56 2636 161 2720 copies
181 2657 251 2701 non
266 2634 357 2701 luisse
381 2642 586 2718 comparatas,
609 2654 689 2719 quae
714 2633 841 2699 militiae
863 2633 998 2700 laborem
1014 2644 1159 2702 constan·

57 2749 354 2829 lerobirent,velut
366 2794 374 2821 ,
385 2747 654 2823 belloexorto,nou
672 2747 873 2816 convocandis
887 2749 1033 2815 militibus
1045 2759 1162 2835 tempus
1207 2834 1212 2842 Ι

56 2873 216 2956 tereretur,
235 2863 286 2928 sed
298 2861 400 2930 statim
416 2862 455 2926 ad
470 2861 673 2929 defensionem
682 2863 826 2930 adversos
838 2871 954 2928 exteros
962 2873 1067 2948 parata
1084 2872 1161 2929 esset

57 2978 189 3053 civitas,
209 2975 367 3045 ueletiam
385 2983 419 3042 ut
437 2975 474 3041 ad
494 2996 598 3061 pacem
617 2977 765 3043 internam
784 2978 963 3045 servandam
980 2978 1160 3045 adhiberen-

57 3102 122 3159 tur.
144 3091 313 3177 Utrumqne
334 3089 414 3156 enim
435 3089 499 3155 fieri
520 3100 638 3175 poterat
659 3101 690 3157 ct
711 3091 847 3158 solebat:
871 3111 975 3159 verum
997 3092 1073 3169 nibil
1091 3092 1163 3157 inde

58 3217 167 3275 contra
197 3207 377 3273 sententiam
399 3215 532 3271 nostram
551 3225 656 3271 eruere
673 3205 755 3271 licet.
778 3206 926 3286 Quamvis
946 3212 1025 3277 enim
1043 3217 1162 3295 praeter

58 3323 188 3392 Nobiles
210 3331 309 3388 cenos
328 3320 453 3408 quidam
471 3338 612 3384 numerus
631 3320 743 3385 civium
764 3331 938 3388 constanter
956 3324 987 3388 in
1006 3324 1096 3389 armis
1114 3343 1160 3387 es·

57 3447 127 3514 set,
160 3458 218 3503 non
248 3436 286 3501 ab
316 3435 369 3501 illo
395 3422 496 3501 tamen
520 3431 637 3519 proprie
655 3434 701 3500 vis
716 3434 837 3518 publica
857 3436 989 3503 civitatis
1008 3437 1164 3502 leiensiua

58 3553 193 3618 exerceri
210 3559 338 3638 poterat.
361 3549 457 3636 Supra
475 3548 554 3615 enim
572 3547 743 3614 notavimus
759 3548 838 3614 banc
856 3549 966 3615 debere
984 3528 1161 3639 esseperpe·

59 3677 164 3742 tuam,
182 3666 262 3741 i.e.,
279 3682 372 3751 quae,
396 3673 430 3730 ut
442 3663 520 3729 adsit
532 3712 542 3742 ,
556 3663 701 3729 anemine
717 3664 864 3749 pendeat,
882 3664 934 3730 set
950 3666 1046 3731 solnm
1064 3687 1119 3753 per
1132 3686 1164 3730 se

58 3793 179 3866 semper
209 3789 240 3845 et
271 3787 413 3866 perpetuo
425 3779 554 3844 existat.
573 3780 645 3845 Jam
661 3799 733 3846 vero
751 3780 873 3865 copiae,
894 3802 971 3868 quae
991 3803 1027 3847 ex
1044 3780 1165 3867 reliquis

58 3894 180 3964 ciuibus
203 3890 473 3978 comparabantur,
502 3913 562 3957 non
587 3902 731 3978 perpetuo
759 3915 868 3980 perse
892 3896 1034 3972 aderant,
1053 3893 1106 3959 sed
1125 3913 1162 3961 ex

58 3993 298 4085 convocatione,
329 4026 407 4093 quae
433 4005 599 4073 secundnm
616 4006 714 4091 legem
732 4008 863 4095 aliquam
885 4009 1025 4104 contiuno
1040 4006 1163 4093 quidem

43 4197 102 4248 lons
130 4192 231 4258 uotique
255 4189 385 4255 floruerit,
403 4174 467 4241 irene
482 4189 533 4240 lere
549 4189 593 4256 qui
610 4194 668 4240 suut
683 4189 737 4256 ejus
752 4187 833 4255 stirpis
848 4166 1003 4254 cupidissime
1018 4184 1169 4254 persequun-

45 4298 104 4351 tur,
124 4292 153 4338 nt
169 4289 204 4339 sit
220 4297 268 4337 cro.
285 4299 330 4350 pro
347 4283 411 4336 llob.
434 4283 507 4336 Post,
526 4298 552 4336 o.
570 4285 592 4332 l.

75 4381 120 4453 (t)
139 4380 212 4443 Quot
228 4379 400 4447 nomano,
419 4375 650 4443 urerbonoscere.
757 4395 761 4401 ·
