2806 5324
679 361 742 436 22

172 549 250 632 quod
274 559 344 614 tune
364 555 445 622 erat,
470 546 585 629 legibus
606 569 720 633 parere.
783 553 785 556 ’

213 663 330 727 Deinde
349 683 436 737 vero,
461 664 486 727 si
503 664 597 748 ipsam
614 664 734 729 Buliam
748 663 880 730 Auream
898 666 1111 751 inspiciamus,
1126 669 1213 736 nihil
1236 672 1272 736 in

173 796 226 852 ea,
240 777 319 860 quod
338 779 418 862 pacti
438 779 566 862 speciem
586 757 713 856 habeut,
740 777 969 846 invenirelieet.
985 779 1275 851 Abomnibusenim

99 916 102 923 ¹
169 892 343 956 auctoribus
364 893 640 980 politicisrdooetur
654 895 828 979 primarium
842 895 937 961 'finem
963 894 1085 962 Aureae
1104 899 1215 966 Buiiae·
1236 895 1273 967 iu

171 1026 208 1071 eo
228 1007 318 1071 sitnm
339 1006 445 1082 inisse,
463 1017 497 1072 ut
518 1008 733 1092 Imperatorum
752 1009 880 1085 electio,
902 1018 932 1073 ut
951 1029 1030 1094 quae
1046 1012 1089 1075 -ad
1108 1032 1174 1077 eam
1195 1035 1272 1100 per·

169 1120 307 1186 tinebant
319 1133 465 1207 qnantum
484 1123 547 1188 fieri
560 1135 677 1210 posset,
698 1125 737 1188 ad
756 1133 870 1188 sertam
891 1123 1101 1210 definitumque
1115 1127 1273 1195 radonem

172 1237 204 1302 in
221 1248 371 1323 posterum
390 1240 579 1303 ducerentur.
597 1239 684 1302 Unde
700 1222 1274 1322 patet,:Auream1Builemnihiliuisse

171 1351 229 1416 nisi
246 1352 340 1440 legem
362 1350 552 1439 Imperii-(l)
576 1353 614 1417 ab
633 1353 833 1437 imperatore,
849 1353 994 1417 adhibito
1010 1343 1273 1424 monteronem-

168 1465 254 1541 silio,
281 1466 393 1542 latam,
418 1487 544 1552 eamque
566 1488 635 1552 vere
658 1477 759 1531 aetum
777 1467 927 1551 quendam
948 1467 1173 1550 gubernationis
1194 1492 1272 1536 eon·-

165 1578 315 1656 tinuisse,
340 1603 400 1667 quo
432 1583 494 1667 ipse
527 1583 708 1668 Imperator,
742 1601 802 1665 qua
828 1581 915 1656 talis,
939 1579 1065 1648 formam
1088 1582 1295 1652 electionum·

169 1693 201 1787 in
230 1704 382 1778 posterum
410 1695 553 1763 definivit.
586 1696 657 1760 Nec·
673 1694 764 1776 igitur
780 1695 811 1759 in
833 1714 870 1759 ea
892 1695 930 1759 de
952 1705 1043 1780 paeto
1061 1697 1271 1766 contrahendo

95 1839 104 1851 κ
171 1810 307 1890 quaestio
327 1810 388 1873 ulla
405 1809 473 1874 snit.
496 1809 585 1888 Quod
607 1809 912 1874 etiameoniirmatur
932 1812 1086 1894 m'agisex
1106 1831 1158 1887 eo,
1183 1814 1272 1897 quod

165 1922 276 1986 endem
299 1921 456 1988 Bulia'de·
467 1923 536 2010 jore
559 1921 755 2012 diffidationis
777 1934 877 1992 navet.
912 1925 948 1989 In
970 1925 1109 1990 confusae·
1125 1927 1205 1991 enim
1220 1936 1272 1991 est

167 2040 216 2118 ina
245 2037 320 2104 iilud
342 2038 595 2124 paeti·‘ohjeetum
617 2039 731 2104 efficere
752 2061 812 2104 uon
833 2059 936 2124 posse,
951 2040 1016 2105 -nisi
1036 2040 1153 2123 mgna,¹
1171 2040 1271 2108 oriam

165 2145 340 2218 exercitium
371 2155 517 2238 ejusmodi
549 2154 623 2233 juris
652 2163 740 2240 paeto
771 2154 836 2218 dari
867 2174 968 2239 posse,
984 2155 1117 2222 siueex
1138 2154 1271 2220 arbitrio

167 2269 353 2353 privatorum
381 2268 530 2353 pendere,
559 2288 634 2332 num
664 2269 729 2348 ejus
760 2267 1088 2333 facultatem-irinum
1110 2268 1269 2352 pariantur

165 2403 278 2458 necne,
297 2381 397 2473 'quasi
425 2378 477 2467 jus
498 2379 694 2470 diffidationis
716 2382 764 2461 jus
785 2382 939 2466 quoddam
958 2383 1269 2468 ecquisirnmeornm

165 2504 270 2562 essere
293 2496 338 2560 m-
355 2496 435 2579 qnoo
462 2494 629 2588 ausuram
647 2497 735 2561 orma
757 2507 937 2583 oneum
965 2474 1144 2562 ur'aomno.
1159 2498 1267 2582 poure.

164 2609 291 2676 Constat
320 2610 412 2692 igitur
442 2609 577 2675 Rullum,
596 2605 747 2684 Aureum,
780 2610 838 2675 heo
863 2612 993 2696 quidem
1021 2610 1269 2689 ratione,³mere

165 2724 258 2790 fuisse
279 2726 375 2808 legem
397 2707 571 2810 poenalem,
604 2744 665 2810 qua
686 2725 829 2789 delictum
842 2736 1016 2801 erueretur,
1032 2746 1100 2811 -quo
1118 2728 1267 2796 'universa

164 2837 327 2904 Germania
349 2849 421 2905 tune
442 2840 582 2923 temporis
603 2836 822 2914 infestabatur,
842 2834 872 2904 et
889 2841 1111 2924 quadraturas
1129 2842 1268 2909 ciuitatis

163 2971 257 3036 quarn
278 2953 407 3018 maxime
429 2954 588 3019 adversum
609 2961 692 3027 erat,
716 2952 876 3037 quippeiu
898 2972 959 3037 qua
981 2952 1094 3018 nemini
1115 2953 1184 3019 ticet
1202 2955 1269 3021 ribi

73 3100 80 3108 ·
162 3066 212 3153 p'us
233 3065 350 3140 desere,
373 3088 429 3132 neo
452 3069 586 3153 privatus
609 3069 767 3152 quisquam
787 3066 1035 3152 definirepotest,
1061 3069 1131 3152 qnid
1145 3069 1265 3147 justum

162 3181 219 3258 eit,
244 3191 296 3247 ant
319 3183 398 3266 quod
425 3182 489 3267 ipse
508 3181 660 3266 proinsto
681 3181 834 3259 habuerit,
856 3182 973 3267 privata
993 3174 1171 3249 austeritate
1190 3185 1267 3252 vin·

165 3297 276 3363 dicare.

207 3412 272 3477 Neo
301 3432 375 3480 vero
404 3412 499 3495 magis
529 3411 764 3495 capitulationes
794 3410 973 3497 paciamini
1004 3421 1143 3496 possunt,
1160 3434 1265 3499 quum

161 3534 317 3609 pectorum
340 3536 466 3590 naturae
488 3525 572 3591 nulla
593 3524 708 3590 ratione
730 3525 919 3592 conueniant.
948 3526 1130 3610 lmopotiua
1156 3525 1265 3610 disen-

163 3638 236 3703 dum
267 3628 405 3714 videtur,
431 3656 482 3702 eas
512 3657 673 3720 germanae
707 3638 838 3704 civitatis
868 3637 981 3703 notioni
1014 3658 1105 3723 quam
1130 3639 1266 3705 maxime

165 3750 256 3816 fuisse
271 3752 435 3837 oppositas,
456 3751 845 3830 conuenientissimum
864 3749 946 3816 forte
967 3752 1039 3816 olim
1061 3753 1264 3830 obtinuerint,

44 3899 48 3905 ¹
162 3850 252 3933 hodie
268 3888 328 3933 nou
347 3866 477 3952 amplius
493 3876 635 3952 tanquam
655 3868 805 3952 exempla,
826 3882 904 3951 quae
921 3864 1034 3930 imitari
1053 3867 1171 3942 diruat,
1188 3868 1266 3932 atie·-

160 3983 225 4066 gari
241 4004 336 4073 posse.
359 3982 517 4048 Caeterum
536 3979 764 4069 promissiones,
788 4000 863 4066 ques
878 3979 1025 4065 prinsipes
1045 3981 1133 4047 electi
1149 3985 1265 4069 populo
1298 4030 1301 4035 -

148 4148 189 4216 (t)
207 4151 237 4201 Et
253 4121 319 4218 qnod
336 4153 488 4217 notandum,
507 4170 595 4204 nomen
612 4152 674 4202 iliud
691 4152 751 4217 legio
767 4151 866 4219 imperii
883 4122 1022 4220 (rp'y'karuet)
1040 4151 1104 4218 apud
1120 4167 1205 4203 omues
1215 4169 1277 4205 um·

142 4243 201 4292 niun
223 4247 350 4312 roriptorer
375 4247 464 4298 habet:
481 4263 535 4298 eam
552 4262 609 4297 roro
623 4245 723 4312 Imperii
739 4250 838 4312 protum
852 4243 1047 4318 (rijkmerdrup)
1062 4245 1167 4308 uoueri,
1177 4245 1276 4298 nullibi

144 4337 260 4388 torenton
