<?xml version="1.0" encoding="UTF-8"?>
<!DOCTYPE html PUBLIC "-//W3C//DTD XHTML 1.0 Transitional//EN"
    "http://www.w3.org/TR/xhtml1/DTD/xhtml1-transitional.dtd">
<html xmlns="http://www.w3.org/1999/xhtml" xml:lang="en" lang="en">
 <head>
  <title>
</title>
<meta http-equiv="Content-Type" content="text/html;charset=utf-8" />
  <meta name='ocr-system' content='tesseract 3.04.00' />
  <meta name='ocr-capabilities' content='ocr_page ocr_carea ocr_par ocr_line ocrx_word'/>
</head>
<body>
  <div class='ocr_page' id='page_1' title='image "./disquisitiophil00borrgoog_0090.png"; bbox 0 0 2806 5324; ppageno 0'>
   <div class='ocr_carea' id='block_1_1' title="bbox 623 376 672 451">
    <p class='ocr_par' dir='ltr' id='par_1_1' title="bbox 623 376 672 451">
     <span class='ocr_line' id='line_1_1' title="bbox 623 376 672 451; baseline 0.041 -2"><span class='ocrx_word' id='word_1_1' title='bbox 623 376 672 451; x_wconf 77' lang='lat'>75</span> 
     </span>
    </p>
   </div>
   <div class='ocr_carea' id='block_1_2' title="bbox 72 561 1293 4184">
    <p class='ocr_par' dir='ltr' id='par_1_2' title="bbox 72 561 1189 1333">
     <span class='ocr_line' id='line_1_2' title="bbox 98 561 1189 648; baseline 0.001 -20"><span class='ocrx_word' id='word_1_2' title='bbox 98 580 238 628; x_wconf 81' lang='lat' dir='ltr'>coercere</span> <span class='ocrx_word' id='word_1_3' title='bbox 260 569 407 647; x_wconf 79' lang='lat' dir='ltr'>nequeant</span> <span class='ocrx_word' id='word_1_4' title='bbox 429 561 485 627; x_wconf 90' lang='lat' dir='ltr'>nisi</span> <span class='ocrx_word' id='word_1_5' title='bbox 516 581 568 647; x_wconf 88' lang='lat' dir='ltr'>per</span> <span class='ocrx_word' id='word_1_6' title='bbox 589 562 831 631; x_wconf 83' lang='lat' dir='ltr'>¹vehementiores</span> <span class='ocrx_word' id='word_1_7' title='bbox 852 564 998 629; x_wconf 84' lang='lat' dir='ltr'>tumuitus</span> <span class='ocrx_word' id='word_1_8' title='bbox 1021 574 1072 629; x_wconf 90' lang='lat' dir='ltr'>aut</span> <span class='ocrx_word' id='word_1_9' title='bbox 1093 566 1189 648; x_wconf 87' lang='lat' dir='ltr'>magis</span> 
     </span>
     <span class='ocr_line' id='line_1_3' title="bbox 92 664 1186 761; baseline 0.002 -21"><span class='ocrx_word' id='word_1_10' title='bbox 92 664 236 761; x_wconf 85' lang='lat' dir='ltr'>praeseus</span> <span class='ocrx_word' id='word_1_11' title='bbox 257 676 439 760; x_wconf 87' lang='lat' dir='ltr'>perieulum,</span> <span class='ocrx_word' id='word_1_12' title='bbox 463 676 483 740; x_wconf 89' lang='lat' dir='ltr'>i.</span> <span class='ocrx_word' id='word_1_13' title='bbox 500 697 526 741; x_wconf 86' lang='lat' dir='ltr'>e.</span> <span class='ocrx_word' id='word_1_14' title='bbox 549 677 737 744; x_wconf 86' lang='lat' dir='ltr'>nisibellum</span> <span class='ocrx_word' id='word_1_15' title='bbox 759 668 887 760; x_wconf 80' lang='lat' dir='ltr'>gerendo</span> <span class='ocrx_word' id='word_1_16' title='bbox 909 687 961 743; x_wconf 90' lang='lat' dir='ltr'>aut</span> <span class='ocrx_word' id='word_1_17' title='bbox 984 679 1056 743; x_wconf 86' lang='lat' dir='ltr'>illud</span> <span class='ocrx_word' id='word_1_18' title='bbox 1079 680 1186 754; x_wconf 87' lang='lat' dir='ltr'>timeu-</span> 
     </span>
     <span class='ocr_line' id='line_1_4' title="bbox 102 787 1188 877; baseline 0.002 -24"><span class='ocrx_word' id='word_1_19' title='bbox 102 787 137 853; x_wconf 88' lang='lat' dir='ltr'>do</span> <span class='ocrx_word' id='word_1_20' title='bbox 157 788 215 875; x_wconf 80' lang='grc'>(1).</span> <span class='ocrx_word' id='word_1_21' title='bbox 238 789 289 853; x_wconf 85' lang='lat' dir='ltr'>Sin</span> <span class='ocrx_word' id='word_1_22' title='bbox 310 788 458 866; x_wconf 86' lang='lat' dir='ltr'>Romani,</span> <span class='ocrx_word' id='word_1_23' title='bbox 482 798 515 853; x_wconf 88' lang='lat' dir='ltr'>ut</span> <span class='ocrx_word' id='word_1_24' title='bbox 537 790 616 854; x_wconf 90' lang='lat' dir='ltr'>domi</span> <span class='ocrx_word' id='word_1_25' title='bbox 638 792 836 877; x_wconf 88' lang='lat' dir='ltr'>tranquillitas</span> <span class='ocrx_word' id='word_1_26' title='bbox 865 792 976 856; x_wconf 87' lang='lat' dir='ltr'>serrari</span> <span class='ocrx_word' id='word_1_27' title='bbox 996 802 1112 876; x_wconf 90' lang='lat' dir='ltr'>posset,</span> <span class='ocrx_word' id='word_1_28' title='bbox 1136 812 1188 876; x_wconf 90' lang='lat' dir='ltr'>per</span> 
     </span>
     <span class='ocr_line' id='line_1_5' title="bbox 72 903 1186 992; baseline 0.002 -26"><span class='ocrx_word' id='word_1_29' title='bbox 72 911 192 967; x_wconf 77' lang='lat' dir='ltr'>-totum</span> <span class='ocrx_word' id='word_1_30' title='bbox 214 918 291 986; x_wconf 88' lang='lat' dir='ltr'>pene</span> <span class='ocrx_word' id='word_1_31' title='bbox 312 903 414 968; x_wconf 88' lang='lat' dir='ltr'>orbem</span> <span class='ocrx_word' id='word_1_32' title='bbox 437 914 583 968; x_wconf 86' lang='lat' dir='ltr'>terrarum</span> <span class='ocrx_word' id='word_1_33' title='bbox 615 904 694 969; x_wconf 87' lang='lat' dir='ltr'>bella</span> <span class='ocrx_word' id='word_1_34' title='bbox 716 915 956 982; x_wconf 85' lang='lat' dir='ltr'>commoverunt,</span> <span class='ocrx_word' id='word_1_35' title='bbox 980 915 1009 970; x_wconf 86' lang='lat' dir='ltr'>et</span> <span class='ocrx_word' id='word_1_36' title='bbox 1031 915 1186 992; x_wconf 75' lang='lat' dir='ltr'><strong>postquam</strong></span> 
     </span>
     <span class='ocr_line' id='line_1_6' title="bbox 100 1013 1185 1104; baseline 0.001 -24"><span class='ocrx_word' id='word_1_37' title='bbox 100 1013 172 1080; x_wconf 86' lang='lat' dir='ltr'>uibit</span> <span class='ocrx_word' id='word_1_38' title='bbox 195 1016 323 1099; x_wconf 85' lang='lat' dir='ltr'>amplius</span> <span class='ocrx_word' id='word_1_39' title='bbox 345 1018 529 1092; x_wconf 78' lang='lat' dir='ltr'>invenirent,</span> <span class='ocrx_word' id='word_1_40' title='bbox 554 1017 631 1103; x_wconf 90' lang='lat' dir='ltr'>quod</span> <span class='ocrx_word' id='word_1_41' title='bbox 655 1017 826 1093; x_wconf 80' lang='lat' dir='ltr'>diruerent,</span> <span class='ocrx_word' id='word_1_42' title='bbox 844 1019 899 1104; x_wconf 91' lang='lat' dir='ltr'>ipsi</span> <span class='ocrx_word' id='word_1_43' title='bbox 920 1020 977 1084; x_wconf 90' lang='lat' dir='ltr'>sibi</span> <span class='ocrx_word' id='word_1_44' title='bbox 995 1021 1115 1085; x_wconf 79' lang='lat' dir='ltr'>exitium</span> <span class='ocrx_word' id='word_1_45' title='bbox 1132 1039 1185 1103; x_wconf 92' lang='lat' dir='ltr'>pa-</span> 
     </span>
     <span class='ocr_line' id='line_1_7' title="bbox 83 1130 1187 1223; baseline 0.001 -29"><span class='ocrx_word' id='word_1_46' title='bbox 83 1139 209 1194; x_wconf 88' lang='lat' dir='ltr'>·rarunt.</span> <span class='ocrx_word' id='word_1_47' title='bbox 243 1130 292 1195; x_wconf 83' lang='lat' dir='ltr'>Sir</span> <span class='ocrx_word' id='word_1_48' title='bbox 315 1133 433 1218; x_wconf 89' lang='lat' dir='ltr'>quoque</span> <span class='ocrx_word' id='word_1_49' title='bbox 452 1130 608 1223; x_wconf 77' lang='lat' dir='ltr'>Athenae,</span> <span class='ocrx_word' id='word_1_50' title='bbox 638 1132 781 1217; x_wconf 86' lang='lat' dir='ltr'>quamdiu</span> <span class='ocrx_word' id='word_1_51' title='bbox 809 1132 921 1200; x_wconf 84' lang='lat' dir='ltr'>vicinos</span> <span class='ocrx_word' id='word_1_52' title='bbox 949 1134 1108 1206; x_wconf 85' lang='lat' dir='ltr'>timerent,</span> <span class='ocrx_word' id='word_1_53' title='bbox 1128 1139 1187 1195; x_wconf 90' lang='lat' dir='ltr'>ste·</span> 
     </span>
     <span class='ocr_line' id='line_1_8' title="bbox 99 1245 1058 1333; baseline 0 -21"><span class='ocrx_word' id='word_1_54' title='bbox 99 1257 217 1323; x_wconf 90' lang='lat' dir='ltr'>terunt,</span> <span class='ocrx_word' id='word_1_55' title='bbox 242 1256 291 1322; x_wconf 90' lang='lat' dir='ltr'>at,</span> <span class='ocrx_word' id='word_1_56' title='bbox 316 1267 407 1332; x_wconf 87' lang='lat' dir='ltr'>quum</span> <span class='ocrx_word' id='word_1_57' title='bbox 428 1245 502 1310; x_wconf 85' lang='lat' dir='ltr'>nibil</span> <span class='ocrx_word' id='word_1_58' title='bbox 523 1245 649 1330; x_wconf 91' lang='lat' dir='ltr'>amplius</span> <span class='ocrx_word' id='word_1_59' title='bbox 666 1245 877 1322; x_wconf 80' lang='lat' dir='ltr'>formidarent,</span> <span class='ocrx_word' id='word_1_60' title='bbox 897 1248 1058 1333; x_wconf 89' lang='lat' dir='ltr'>perierunt.</span> 
     </span>
    </p>

    <p class='ocr_par' dir='ltr' id='par_1_3' title="bbox 87 1360 1293 3597">
     <span class='ocr_line' id='line_1_9' title="bbox 139 1360 1293 1447; baseline -0.004 -21"><span class='ocrx_word' id='word_1_61' title='bbox 139 1361 186 1426; x_wconf 82' lang='lat' dir='ltr'>Ex</span> <span class='ocrx_word' id='word_1_62' title='bbox 206 1361 384 1446; x_wconf 87' lang='lat' dir='ltr'>supradictis</span> <span class='ocrx_word' id='word_1_63' title='bbox 410 1371 509 1425; x_wconf 89' lang='lat' dir='ltr'>antem</span> <span class='ocrx_word' id='word_1_64' title='bbox 534 1368 650 1425; x_wconf 87' lang='lat' dir='ltr'>constat</span> <span class='ocrx_word' id='word_1_65' title='bbox 666 1380 905 1447; x_wconf 84' lang='lat' dir='ltr'>unamquamque</span> <span class='ocrx_word' id='word_1_66' title='bbox 923 1361 1042 1447; x_wconf 88' lang='lat' dir='ltr'>imperii</span> <span class='ocrx_word' id='word_1_67' title='bbox 1060 1360 1186 1424; x_wconf 85' lang='lat' dir='ltr'>iorruaur</span> <span class='ocrx_word' id='word_1_68' title='bbox 1290 1394 1293 1403; x_wconf 47' lang='lat' dir='ltr'>v</span> 
     </span>
     <span class='ocr_line' id='line_1_10' title="bbox 98 1472 1185 1557; baseline -0.006 -16"><span class='ocrx_word' id='word_1_69' title='bbox 98 1476 187 1541; x_wconf 86' lang='lat' dir='ltr'>facite</span> <span class='ocrx_word' id='word_1_70' title='bbox 210 1477 259 1540; x_wconf 85' lang='lat' dir='ltr'>ad</span> <span class='ocrx_word' id='word_1_71' title='bbox 275 1475 424 1542; x_wconf 82' lang='lat' dir='ltr'>contraria</span> <span class='ocrx_word' id='word_1_72' title='bbox 450 1475 532 1540; x_wconf 88' lang='lat' dir='ltr'>maia</span> <span class='ocrx_word' id='word_1_73' title='bbox 560 1475 758 1557; x_wconf 83' lang='lat' dir='ltr'>degenerare,</span> <span class='ocrx_word' id='word_1_74' title='bbox 781 1475 824 1538; x_wconf 92' lang='lat' dir='ltr'>ita</span> <span class='ocrx_word' id='word_1_75' title='bbox 850 1483 884 1538; x_wconf 91' lang='lat' dir='ltr'>ut</span> <span class='ocrx_word' id='word_1_76' title='bbox 910 1494 945 1539; x_wconf 87' lang='lat' dir='ltr'>ex</span> <span class='ocrx_word' id='word_1_77' title='bbox 968 1495 1037 1556; x_wconf 86' lang='lat' dir='ltr'>rege</span> <span class='ocrx_word' id='word_1_78' title='bbox 1062 1472 1185 1536; x_wconf 83' lang='lat' dir='ltr'>exsistat</span> 
     </span>
     <span class='ocr_line' id='line_1_11' title="bbox 99 1584 1185 1678; baseline -0.001 -25"><span class='ocrx_word' id='word_1_79' title='bbox 99 1589 234 1654; x_wconf 83' lang='lat' dir='ltr'>domiuus</span> <span class='ocrx_word' id='word_1_80' title='bbox 255 1590 319 1653; x_wconf 83' lang='lat' dir='ltr'>sire</span> <span class='ocrx_word' id='word_1_81' title='bbox 338 1595 506 1678; x_wconf 71' lang='lat' dir='ltr'>tyrannus,</span> <span class='ocrx_word' id='word_1_82' title='bbox 533 1606 568 1653; x_wconf 83' lang='lat' dir='ltr'>ex</span> <span class='ocrx_word' id='word_1_83' title='bbox 589 1588 780 1674; x_wconf 79' lang='lat' dir='ltr'>optimatibus</span> <span class='ocrx_word' id='word_1_84' title='bbox 805 1588 898 1654; x_wconf 86' lang='lat' dir='ltr'>iaetio</span> <span class='ocrx_word' id='word_1_85' title='bbox 917 1588 981 1653; x_wconf 88' lang='lat' dir='ltr'>sive</span> <span class='ocrx_word' id='word_1_86' title='bbox 999 1584 1185 1675; x_wconf 64' lang='lat' dir='ltr'>augeretis,</span> 
     </span>
     <span class='ocr_line' id='line_1_12' title="bbox 99 1699 1184 1790; baseline -0.003 -23"><span class='ocrx_word' id='word_1_87' title='bbox 99 1724 131 1767; x_wconf 86' lang='lat' dir='ltr'>er</span> <span class='ocrx_word' id='word_1_88' title='bbox 147 1703 257 1788; x_wconf 80' lang='lat' dir='ltr'>populo</span> <span class='ocrx_word' id='word_1_89' title='bbox 275 1702 364 1767; x_wconf 76' lang='lat' dir='ltr'>turba</span> <span class='ocrx_word' id='word_1_90' title='bbox 382 1703 445 1768; x_wconf 85' lang='lat' dir='ltr'>sive</span> <span class='ocrx_word' id='word_1_91' title='bbox 463 1699 654 1766; x_wconf 60' lang='lat' dir='ltr'>ochloerutioz</span> <span class='ocrx_word' id='word_1_92' title='bbox 675 1701 800 1778; x_wconf 83' lang='lat' dir='ltr'>Verum,</span> <span class='ocrx_word' id='word_1_93' title='bbox 816 1702 1066 1790; x_wconf 86' lang='lat' dir='ltr'>quemadmodum</span> <span class='ocrx_word' id='word_1_94' title='bbox 1083 1703 1184 1783; x_wconf 90' lang='lat' dir='ltr'>siugu-</span> 
     </span>
     <span class='ocr_line' id='line_1_13' title="bbox 98 1815 1186 1904; baseline -0.002 -23"><span class='ocrx_word' id='word_1_95' title='bbox 98 1819 143 1881; x_wconf 84' lang='lat' dir='ltr'>iae</span> <span class='ocrx_word' id='word_1_96' title='bbox 170 1815 310 1900; x_wconf 86' lang='lat' dir='ltr'>perieulis</span> <span class='ocrx_word' id='word_1_97' title='bbox 338 1815 512 1890; x_wconf 88' lang='lat' dir='ltr'>abundant,</span> <span class='ocrx_word' id='word_1_98' title='bbox 536 1816 580 1879; x_wconf 86' lang='lat' dir='ltr'>ita</span> <span class='ocrx_word' id='word_1_99' title='bbox 606 1836 724 1901; x_wconf 89' lang='lat' dir='ltr'>quoque</span> <span class='ocrx_word' id='word_1_100' title='bbox 746 1817 880 1900; x_wconf 80' lang='lat' dir='ltr'>singulae</span> <span class='ocrx_word' id='word_1_101' title='bbox 904 1817 972 1883; x_wconf 86' lang='lat' dir='ltr'>suas</span> <span class='ocrx_word' id='word_1_102' title='bbox 990 1819 1186 1904; x_wconf 80' lang='lat' dir='ltr'>perfectiones</span> 
     </span>
     <span class='ocr_line' id='line_1_14' title="bbox 98 1929 1185 2017; baseline -0.001 -22"><span class='ocrx_word' id='word_1_103' title='bbox 98 1931 219 1996; x_wconf 88' lang='lat' dir='ltr'>habent.</span> <span class='ocrx_word' id='word_1_104' title='bbox 250 1929 490 1994; x_wconf 81' lang='lat' dir='ltr'>indemoeratia</span> <span class='ocrx_word' id='word_1_105' title='bbox 516 1949 667 2012; x_wconf 89' lang='lat' dir='ltr'>namque,</span> <span class='ocrx_word' id='word_1_106' title='bbox 689 1930 742 1993; x_wconf 91' lang='lat' dir='ltr'>ubi</span> <span class='ocrx_word' id='word_1_107' title='bbox 772 1933 895 2017; x_wconf 83' lang='lat' dir='ltr'>populus</span> <span class='ocrx_word' id='word_1_108' title='bbox 924 1933 1024 2014; x_wconf 84' lang='lat' dir='ltr'>legum</span> <span class='ocrx_word' id='word_1_109' title='bbox 1051 1933 1185 1997; x_wconf 61' lang='lat' dir='ltr'>coudenss</span> 
     </span>
     <span class='ocr_line' id='line_1_15' title="bbox 93 2042 1267 2129; baseline 0.003 -20"><span class='ocrx_word' id='word_1_110' title='bbox 93 2044 202 2109; x_wconf 88' lang='lat' dir='ltr'>darum</span> <span class='ocrx_word' id='word_1_111' title='bbox 224 2044 366 2118; x_wconf 84' lang='lat' dir='ltr'>dominus¹</span> <span class='ocrx_word' id='word_1_112' title='bbox 382 2053 443 2117; x_wconf 86' lang='lat' dir='ltr'>est,</span> <span class='ocrx_word' id='word_1_113' title='bbox 467 2043 622 2126; x_wconf 88' lang='lat' dir='ltr'>insigniter</span> <span class='ocrx_word' id='word_1_114' title='bbox 643 2042 752 2109; x_wconf 89' lang='lat' dir='ltr'>eminet</span> <span class='ocrx_word' id='word_1_115' title='bbox 780 2045 899 2129; x_wconf 85' lang='lat' dir='ltr'>publiea</span> <span class='ocrx_word' id='word_1_116' title='bbox 927 2045 1037 2121; x_wconf 83' lang='lat' dir='ltr'>virtus,</span> <span class='ocrx_word' id='word_1_117' title='bbox 1062 2046 1092 2110; x_wconf 92' lang='lat' dir='ltr'>id</span> <span class='ocrx_word' id='word_1_118' title='bbox 1120 2052 1184 2121; x_wconf 89' lang='lat' dir='ltr'>est,</span> <span class='ocrx_word' id='word_1_119' title='bbox 1263 2103 1267 2113; x_wconf 92' lang='lat'>.</span> 
     </span>
     <span class='ocr_line' id='line_1_16' title="bbox 91 2157 1262 2242; baseline -0.003 -18"><span class='ocrx_word' id='word_1_120' title='bbox 91 2159 209 2233; x_wconf 74' lang='lat' dir='ltr'>uirtus,</span> <span class='ocrx_word' id='word_1_121' title='bbox 232 2167 267 2223; x_wconf 92' lang='lat' dir='ltr'>ut</span> <span class='ocrx_word' id='word_1_122' title='bbox 284 2157 328 2222; x_wconf 85' lang='lat' dir='ltr'>ita</span> <span class='ocrx_word' id='word_1_123' title='bbox 346 2158 467 2231; x_wconf 85' lang='lat' dir='ltr'>dicam,</span> <span class='ocrx_word' id='word_1_124' title='bbox 489 2158 629 2242; x_wconf 76' lang='lat' dir='ltr'>politica,</span> <span class='ocrx_word' id='word_1_125' title='bbox 652 2159 716 2225; x_wconf 88' lang='lat' dir='ltr'>sive</span> <span class='ocrx_word' id='word_1_126' title='bbox 734 2158 867 2225; x_wconf 89' lang='lat' dir='ltr'>studium</span> <span class='ocrx_word' id='word_1_127' title='bbox 886 2161 1049 2224; x_wconf 87' lang='lat' dir='ltr'>communis</span> <span class='ocrx_word' id='word_1_128' title='bbox 1069 2161 1184 2223; x_wconf 88' lang='lat' dir='ltr'>utitita-</span> <span class='ocrx_word' id='word_1_129' title='bbox 1258 2234 1262 2242; x_wconf 27' lang='grc' dir='ltr'>Ι</span> 
     </span>
     <span class='ocr_line' id='line_1_17' title="bbox 93 2267 1186 2357; baseline 0 -21"><span class='ocrx_word' id='word_1_130' title='bbox 93 2273 142 2337; x_wconf 86' lang='lat' dir='ltr'>tis.</span> <span class='ocrx_word' id='word_1_131' title='bbox 165 2270 272 2347; x_wconf 82' lang='lat' dir='ltr'>Adde,</span> <span class='ocrx_word' id='word_1_132' title='bbox 294 2273 372 2357; x_wconf 91' lang='lat' dir='ltr'>quod</span> <span class='ocrx_word' id='word_1_133' title='bbox 389 2271 490 2353; x_wconf 91' lang='lat' dir='ltr'>magni</span> <span class='ocrx_word' id='word_1_134' title='bbox 506 2271 658 2336; x_wconf 91' lang='lat' dir='ltr'>bominum</span> <span class='ocrx_word' id='word_1_135' title='bbox 678 2282 797 2347; x_wconf 82' lang='lat' dir='ltr'>coetus,</span> <span class='ocrx_word' id='word_1_136' title='bbox 822 2274 876 2338; x_wconf 90' lang='lat' dir='ltr'>etsi</span> <span class='ocrx_word' id='word_1_137' title='bbox 892 2274 937 2338; x_wconf 65' lang='lat' dir='ltr'>&#39;ad</span> <span class='ocrx_word' id='word_1_138' title='bbox 961 2267 1186 2337; x_wconf 82' lang='lat' dir='ltr'>deliberandum</span> 
     </span>
     <span class='ocr_line' id='line_1_18' title="bbox 91 2385 1185 2472; baseline 0.003 -25"><span class='ocrx_word' id='word_1_139' title='bbox 91 2385 173 2448; x_wconf 82' lang='lat' dir='ltr'>tardi</span> <span class='ocrx_word' id='word_1_140' title='bbox 196 2386 286 2450; x_wconf 80' lang='lat' dir='ltr'>etad</span> <span class='ocrx_word' id='word_1_141' title='bbox 317 2386 535 2469; x_wconf 81' lang='lat' dir='ltr'>exsequendum</span> <span class='ocrx_word' id='word_1_142' title='bbox 565 2385 628 2450; x_wconf 86' lang='lat' dir='ltr'>iere</span> <span class='ocrx_word' id='word_1_143' title='bbox 657 2387 748 2471; x_wconf 87' lang='lat' dir='ltr'>inepti</span> <span class='ocrx_word' id='word_1_144' title='bbox 775 2387 950 2472; x_wconf 83' lang='lat' dir='ltr'>pierumque</span> <span class='ocrx_word' id='word_1_145' title='bbox 976 2397 1076 2452; x_wconf 87' lang='lat' dir='ltr'>tamen</span> <span class='ocrx_word' id='word_1_146' title='bbox 1105 2386 1185 2470; x_wconf 90' lang='lat' dir='ltr'>quod</span> 
     </span>
     <span class='ocr_line' id='line_1_19' title="bbox 96 2499 1185 2592; baseline 0.003 -30"><span class='ocrx_word' id='word_1_147' title='bbox 96 2509 210 2563; x_wconf 80' lang='lat' dir='ltr'>rectum</span> <span class='ocrx_word' id='word_1_148' title='bbox 233 2499 403 2585; x_wconf 84' lang='lat' dir='ltr'>iustumque</span> <span class='ocrx_word' id='word_1_149' title='bbox 430 2509 491 2573; x_wconf 90' lang='lat' dir='ltr'>est,</span> <span class='ocrx_word' id='word_1_150' title='bbox 520 2500 619 2565; x_wconf 83' lang='lat' dir='ltr'>faeere</span> <span class='ocrx_word' id='word_1_151' title='bbox 648 2503 798 2584; x_wconf 79' lang='lat' dir='ltr'>cogitant,</span> <span class='ocrx_word' id='word_1_152' title='bbox 827 2513 856 2567; x_wconf 91' lang='lat' dir='ltr'>et</span> <span class='ocrx_word' id='word_1_153' title='bbox 883 2524 1023 2586; x_wconf 87' lang='lat' dir='ltr'>generoso</span> <span class='ocrx_word' id='word_1_154' title='bbox 1054 2501 1185 2592; x_wconf 86' lang='lat' dir='ltr'>quodam</span> 
     </span>
     <span class='ocr_line' id='line_1_20' title="bbox 91 2590 853 2696; baseline 0.009 -22"><span class='ocrx_word' id='word_1_155' title='bbox 91 2606 209 2696; x_wconf 88' lang='lat' dir='ltr'>patriae</span> <span class='ocrx_word' id='word_1_156' title='bbox 232 2620 333 2676; x_wconf 84' lang='lat' dir='ltr'>amore</span> <span class='ocrx_word' id='word_1_157' title='bbox 353 2613 554 2678; x_wconf 87' lang='lat' dir='ltr'>stimulantur.</span> <span class='ocrx_word' id='word_1_158' title='bbox 852 2590 853 2594; x_wconf 7' lang='grc' dir='ltr'><strong>Ἰ</strong></span> 
     </span>
     <span class='ocr_line' id='line_1_21' title="bbox 107 2724 1184 2814; baseline 0 -24"><span class='ocrx_word' id='word_1_159' title='bbox 107 2745 110 2751; x_wconf 90' lang='grc'><em>·</em></span> <span class='ocrx_word' id='word_1_160' title='bbox 137 2727 172 2791; x_wconf 91' lang='lat' dir='ltr'>Iu</span> <span class='ocrx_word' id='word_1_161' title='bbox 204 2728 396 2792; x_wconf 85' lang='lat' dir='ltr'>aristocratiis</span> <span class='ocrx_word' id='word_1_162' title='bbox 424 2747 516 2804; x_wconf 84' lang='lat' dir='ltr'>vero,</span> <span class='ocrx_word' id='word_1_163' title='bbox 550 2748 620 2792; x_wconf 87' lang='lat' dir='ltr'>eum</span> <span class='ocrx_word' id='word_1_164' title='bbox 650 2740 769 2794; x_wconf 88' lang='lat' dir='ltr'>senatus</span> <span class='ocrx_word' id='word_1_165' title='bbox 801 2750 836 2794; x_wconf 84' lang='lat' dir='ltr'>ex</span> <span class='ocrx_word' id='word_1_166' title='bbox 865 2727 1047 2814; x_wconf 89' lang='lat' dir='ltr'>peritissimis</span> <span class='ocrx_word' id='word_1_167' title='bbox 1069 2724 1184 2791; x_wconf 88' lang='lat' dir='ltr'>civibus</span> 
     </span>
     <span class='ocr_line' id='line_1_22' title="bbox 89 2841 1184 2927; baseline -0.003 -22"><span class='ocrx_word' id='word_1_168' title='bbox 89 2843 297 2916; x_wconf 81' lang='lat' dir='ltr'>eoustet,&#39;vel</span> <span class='ocrx_word' id='word_1_169' title='bbox 318 2843 424 2905; x_wconf 85' lang='lat' dir='ltr'>saitem</span> <span class='ocrx_word' id='word_1_170' title='bbox 446 2852 582 2906; x_wconf 80' lang='lat' dir='ltr'>constare</span> <span class='ocrx_word' id='word_1_171' title='bbox 605 2842 731 2916; x_wconf 89' lang='lat' dir='ltr'>debeat,</span> <span class='ocrx_word' id='word_1_172' title='bbox 755 2844 821 2927; x_wconf 85' lang='lat' dir='ltr'>plus</span> <span class='ocrx_word' id='word_1_173' title='bbox 841 2843 896 2905; x_wconf 90' lang='lat' dir='ltr'>erit</span> <span class='ocrx_word' id='word_1_174' title='bbox 914 2842 1049 2912; x_wconf 84' lang='lat' dir='ltr'>consilii,</span> <span class='ocrx_word' id='word_1_175' title='bbox 1069 2849 1099 2903; x_wconf 94' lang='lat' dir='ltr'>et</span> <span class='ocrx_word' id='word_1_176' title='bbox 1117 2841 1184 2926; x_wconf 90' lang='lat' dir='ltr'>qui-</span> 
     </span>
     <span class='ocr_line' id='line_1_23' title="bbox 94 2954 1185 3040; baseline -0.002 -20"><span class='ocrx_word' id='word_1_177' title='bbox 94 2958 151 3020; x_wconf 90' lang='lat' dir='ltr'>bus</span> <span class='ocrx_word' id='word_1_178' title='bbox 178 2956 281 3019; x_wconf 81' lang='lat' dir='ltr'>delata</span> <span class='ocrx_word' id='word_1_179' title='bbox 306 2964 351 3020; x_wconf 90' lang='lat' dir='ltr'>est</span> <span class='ocrx_word' id='word_1_180' title='bbox 379 2974 495 3019; x_wconf 88' lang='lat' dir='ltr'>summa</span> <span class='ocrx_word' id='word_1_181' title='bbox 523 2965 652 3040; x_wconf 90' lang='lat' dir='ltr'>potestas</span> <span class='ocrx_word' id='word_1_182' title='bbox 672 2979 731 3020; x_wconf 93' lang='lat' dir='ltr'>nou</span> <span class='ocrx_word' id='word_1_183' title='bbox 756 2976 857 3019; x_wconf 90' lang='lat' dir='ltr'>omues</span> <span class='ocrx_word' id='word_1_184' title='bbox 883 2956 971 3020; x_wconf 86' lang='lat' dir='ltr'>simui</span> <span class='ocrx_word' id='word_1_185' title='bbox 1000 2954 1088 3019; x_wconf 87' lang='lat' dir='ltr'>iacile</span> <span class='ocrx_word' id='word_1_186' title='bbox 1112 2957 1185 3020; x_wconf 85' lang='lat' dir='ltr'>mati</span> 
     </span>
     <span class='ocr_line' id='line_1_24' title="bbox 91 3070 1229 3155; baseline -0.003 -20"><span class='ocrx_word' id='word_1_187' title='bbox 91 3071 156 3135; x_wconf 84' lang='lat' dir='ltr'>fieri</span> <span class='ocrx_word' id='word_1_188' title='bbox 173 3079 311 3155; x_wconf 76' lang='lat' dir='ltr'>possuntr</span> <span class='ocrx_word' id='word_1_189' title='bbox 335 3077 364 3132; x_wconf 86' lang='lat' dir='ltr'>et</span> <span class='ocrx_word' id='word_1_190' title='bbox 381 3070 447 3153; x_wconf 87' lang='lat' dir='ltr'>paui</span> <span class='ocrx_word' id='word_1_191' title='bbox 465 3078 494 3132; x_wconf 88' lang='lat' dir='ltr'>et</span> <span class='ocrx_word' id='word_1_192' title='bbox 517 3071 608 3154; x_wconf 87' lang='lat' dir='ltr'>quieti</span> <span class='ocrx_word' id='word_1_193' title='bbox 627 3084 745 3134; x_wconf 86' lang='lat' dir='ltr'>summa</span> <span class='ocrx_word' id='word_1_194' title='bbox 761 3091 832 3135; x_wconf 90' lang='lat' dir='ltr'>eura</span> <span class='ocrx_word' id='word_1_195' title='bbox 851 3070 1031 3144; x_wconf 83' lang='lat' dir='ltr'>studebunt,</span> <span class='ocrx_word' id='word_1_196' title='bbox 1057 3090 1094 3135; x_wconf 91' lang='lat' dir='ltr'>ne</span> <span class='ocrx_word' id='word_1_197' title='bbox 1110 3070 1183 3133; x_wconf 87' lang='lat' dir='ltr'>alio-</span> <span class='ocrx_word' id='word_1_198' title='bbox 1228 3136 1229 3141; x_wconf 55' lang='grc'>,</span> 
     </span>
     <span class='ocr_line' id='line_1_25' title="bbox 91 3183 1185 3270; baseline 0 -24"><span class='ocrx_word' id='word_1_199' title='bbox 91 3187 164 3269; x_wconf 90' lang='lat' dir='ltr'>quin</span> <span class='ocrx_word' id='word_1_200' title='bbox 181 3205 283 3248; x_wconf 90' lang='lat' dir='ltr'>eorum</span> <span class='ocrx_word' id='word_1_201' title='bbox 301 3183 397 3256; x_wconf 92' lang='lat' dir='ltr'>bouis,</span> <span class='ocrx_word' id='word_1_202' title='bbox 421 3183 617 3266; x_wconf 82' lang='lat' dir='ltr'>dignitatibus</span> <span class='ocrx_word' id='word_1_203' title='bbox 636 3194 687 3249; x_wconf 91' lang='lat' dir='ltr'>aut</span> <span class='ocrx_word' id='word_1_204' title='bbox 707 3185 837 3270; x_wconf 88' lang='lat' dir='ltr'>personis</span> <span class='ocrx_word' id='word_1_205' title='bbox 855 3185 967 3249; x_wconf 84' lang='lat' dir='ltr'>incerto</span> <span class='ocrx_word' id='word_1_206' title='bbox 985 3185 1056 3253; x_wconf 85' lang='lat' dir='ltr'>belii</span> <span class='ocrx_word' id='word_1_207' title='bbox 1076 3193 1185 3263; x_wconf 84' lang='lat' dir='ltr'>eventu</span> 
     </span>
     <span class='ocr_line' id='line_1_26' title="bbox 87 3296 1185 3384; baseline -0.002 -24"><span class='ocrx_word' id='word_1_208' title='bbox 87 3298 314 3381; x_wconf 81' lang='lat' dir='ltr'>periclitentur3</span> <span class='ocrx_word' id='word_1_209' title='bbox 339 3298 409 3361; x_wconf 86' lang='lat' dir='ltr'>licet</span> <span class='ocrx_word' id='word_1_210' title='bbox 426 3296 464 3360; x_wconf 93' lang='lat' dir='ltr'>ob</span> <span class='ocrx_word' id='word_1_211' title='bbox 484 3298 580 3381; x_wconf 88' lang='lat' dir='ltr'>ipsam</span> <span class='ocrx_word' id='word_1_212' title='bbox 604 3299 807 3362; x_wconf 85' lang='lat' dir='ltr'>aristocratiae</span> <span class='ocrx_word' id='word_1_213' title='bbox 833 3298 982 3371; x_wconf 89' lang='lat' dir='ltr'>indolem,</span> <span class='ocrx_word' id='word_1_214' title='bbox 996 3318 1055 3384; x_wconf 89' lang='lat' dir='ltr'>qua</span> <span class='ocrx_word' id='word_1_215' title='bbox 1070 3317 1185 3381; x_wconf 85' lang='lat' dir='ltr'>semper</span> 
     </span>
     <span class='ocr_line' id='line_1_27' title="bbox 88 3410 1185 3503; baseline 0.003 -29"><span class='ocrx_word' id='word_1_216' title='bbox 88 3411 215 3475; x_wconf 86' lang='lat' dir='ltr'>internis</span> <span class='ocrx_word' id='word_1_217' title='bbox 233 3411 363 3475; x_wconf 86' lang='lat' dir='ltr'>motibus</span> <span class='ocrx_word' id='word_1_218' title='bbox 385 3411 511 3475; x_wconf 82' lang='lat' dir='ltr'>obnoxia</span> <span class='ocrx_word' id='word_1_219' title='bbox 533 3420 602 3498; x_wconf 88' lang='lat' dir='ltr'>est,</span> <span class='ocrx_word' id='word_1_220' title='bbox 626 3413 799 3503; x_wconf 85' lang='lat' dir='ltr'>plerumque</span> <span class='ocrx_word' id='word_1_221' title='bbox 819 3412 929 3477; x_wconf 85' lang='lat' dir='ltr'>frustra</span> <span class='ocrx_word' id='word_1_222' title='bbox 959 3410 1185 3499; x_wconf 89' lang='lat' dir='ltr'>paeiprovide·</span> 
     </span>
     <span class='ocr_line' id='line_1_28' title="bbox 88 3513 1236 3597; baseline 0.002 -10"><span class='ocrx_word' id='word_1_223' title='bbox 88 3525 177 3591; x_wconf 87' lang='lat' dir='ltr'>bunt.</span> <span class='ocrx_word' id='word_1_224' title='bbox 274 3593 276 3597; x_wconf 52' lang='grc'>,</span> <span class='ocrx_word' id='word_1_225' title='bbox 1229 3513 1236 3526; x_wconf 73' lang='grc'><strong>’</strong></span> 
     </span>
    </p>

    <p class='ocr_par' dir='ltr' id='par_1_4' title="bbox 86 3637 1266 4184">
     <span class='ocr_line' id='line_1_29' title="bbox 134 3637 1266 3727; baseline 0.003 -26"><span class='ocrx_word' id='word_1_226' title='bbox 134 3638 175 3702; x_wconf 83' lang='lat' dir='ltr'>At</span> <span class='ocrx_word' id='word_1_227' title='bbox 208 3639 336 3721; x_wconf 88' lang='lat' dir='ltr'>deuique</span> <span class='ocrx_word' id='word_1_228' title='bbox 355 3637 530 3702; x_wconf 86' lang='lat' dir='ltr'>monarchia</span> <span class='ocrx_word' id='word_1_229' title='bbox 550 3645 710 3722; x_wconf 88' lang='lat' dir='ltr'>utramque</span> <span class='ocrx_word' id='word_1_230' title='bbox 726 3640 758 3703; x_wconf 90' lang='lat' dir='ltr'>in</span> <span class='ocrx_word' id='word_1_231' title='bbox 784 3661 819 3704; x_wconf 89' lang='lat' dir='ltr'>eo</span> <span class='ocrx_word' id='word_1_232' title='bbox 846 3641 1030 3724; x_wconf 86' lang='lat' dir='ltr'>potissimum</span> <span class='ocrx_word' id='word_1_233' title='bbox 1047 3651 1184 3727; x_wconf 88' lang='lat' dir='ltr'>superat,</span> <span class='ocrx_word' id='word_1_234' title='bbox 1265 3655 1266 3663; x_wconf 74' lang='grc'>’</span> 
     </span>
     <span class='ocr_line' id='line_1_30' title="bbox 89 3751 1183 3840; baseline 0.005 -26"><span class='ocrx_word' id='word_1_235' title='bbox 89 3753 171 3837; x_wconf 90' lang='lat' dir='ltr'>quod</span> <span class='ocrx_word' id='word_1_236' title='bbox 199 3752 248 3815; x_wconf 88' lang='lat' dir='ltr'>sit·</span> <span class='ocrx_word' id='word_1_237' title='bbox 264 3751 448 3826; x_wconf 88' lang='lat' dir='ltr'>firmissima,</span> <span class='ocrx_word' id='word_1_238' title='bbox 477 3754 632 3837; x_wconf 87' lang='lat' dir='ltr'>magisque</span> <span class='ocrx_word' id='word_1_239' title='bbox 660 3754 764 3829; x_wconf 89' lang='lat' dir='ltr'>duret,</span> <span class='ocrx_word' id='word_1_240' title='bbox 789 3763 819 3818; x_wconf 90' lang='lat' dir='ltr'>et</span> <span class='ocrx_word' id='word_1_241' title='bbox 846 3753 964 3820; x_wconf 78' lang='lat' dir='ltr'>facilius</span> <span class='ocrx_word' id='word_1_242' title='bbox 991 3756 1183 3840; x_wconf 88' lang='lat' dir='ltr'>gubernetur.</span> 
     </span>
     <span class='ocr_line' id='line_1_31' title="bbox 89 3861 1186 3954; baseline 0.005 -27"><span class='ocrx_word' id='word_1_243' title='bbox 89 3864 203 3949; x_wconf 85' lang='lat' dir='ltr'>Estque</span> <span class='ocrx_word' id='word_1_244' title='bbox 226 3865 415 3941; x_wconf 83' lang='lat' dir='ltr'>Monareba,</span> <span class='ocrx_word' id='word_1_245' title='bbox 437 3889 505 3932; x_wconf 89' lang='lat' dir='ltr'>euru</span> <span class='ocrx_word' id='word_1_246' title='bbox 533 3864 572 3930; x_wconf 91' lang='lat' dir='ltr'>sit</span> <span class='ocrx_word' id='word_1_247' title='bbox 602 3887 722 3951; x_wconf 87' lang='lat' dir='ltr'>quoque</span> <span class='ocrx_word' id='word_1_248' title='bbox 750 3889 809 3932; x_wconf 89' lang='lat' dir='ltr'>uua</span> <span class='ocrx_word' id='word_1_249' title='bbox 836 3861 961 3951; x_wconf 91' lang='lat' dir='ltr'>persona</span> <span class='ocrx_word' id='word_1_250' title='bbox 986 3869 1125 3954; x_wconf 83' lang='lat' dir='ltr'>physica,</span> <span class='ocrx_word' id='word_1_251' title='bbox 1154 3869 1186 3932; x_wconf 88' lang='lat' dir='ltr'>iu</span> 
     </span>
     <span class='ocr_line' id='line_1_32' title="bbox 86 3975 1180 4067; baseline 0.005 -27"><span class='ocrx_word' id='word_1_252' title='bbox 86 3975 222 4062; x_wconf 83' lang='lat' dir='ltr'>proxima</span> <span class='ocrx_word' id='word_1_253' title='bbox 242 4000 358 4065; x_wconf 86' lang='lat' dir='ltr'>semper</span> <span class='ocrx_word' id='word_1_254' title='bbox 376 3981 509 4066; x_wconf 90' lang='lat' dir='ltr'>potentia</span> <span class='ocrx_word' id='word_1_255' title='bbox 535 3982 573 4046; x_wconf 91' lang='lat' dir='ltr'>ad</span> <span class='ocrx_word' id='word_1_256' title='bbox 593 3989 676 4046; x_wconf 87' lang='lat' dir='ltr'>aetus</span> <span class='ocrx_word' id='word_1_257' title='bbox 695 3982 813 4067; x_wconf 88' lang='lat' dir='ltr'>Imperii</span> <span class='ocrx_word' id='word_1_258' title='bbox 831 3984 1027 4056; x_wconf 86' lang='lat' dir='ltr'>exercendos,</span> <span class='ocrx_word' id='word_1_259' title='bbox 1054 3992 1085 4046; x_wconf 93' lang='lat' dir='ltr'>et</span> <span class='ocrx_word' id='word_1_260' title='bbox 1112 3983 1180 4066; x_wconf 88' lang='lat' dir='ltr'>qui-</span> 
     </span>
     <span class='ocr_line' id='line_1_33' title="bbox 86 4090 1184 4184; baseline 0.007 -32"><span class='ocrx_word' id='word_1_261' title='bbox 86 4091 159 4154; x_wconf 91' lang='lat' dir='ltr'>dem</span> <span class='ocrx_word' id='word_1_262' title='bbox 177 4090 240 4167; x_wconf 90' lang='lat' dir='ltr'>ita,</span> <span class='ocrx_word' id='word_1_263' title='bbox 264 4102 297 4156; x_wconf 92' lang='lat' dir='ltr'>ut</span> <span class='ocrx_word' id='word_1_264' title='bbox 319 4115 416 4184; x_wconf 61' lang='lat' dir='ltr'>⁴unum</span> <span class='ocrx_word' id='word_1_265' title='bbox 433 4095 575 4182; x_wconf 86' lang='lat' dir='ltr'>idemque</span> <span class='ocrx_word' id='word_1_266' title='bbox 592 4095 630 4160; x_wconf 49' lang='lat' dir='ltr'>iu*</span> <span class='ocrx_word' id='word_1_267' title='bbox 644 4095 733 4160; x_wconf 89' lang='lat' dir='ltr'>rebus</span> <span class='ocrx_word' id='word_1_268' title='bbox 746 4096 892 4178; x_wconf 85' lang='lat' dir='ltr'>gerendis</span> <span class='ocrx_word' id='word_1_269' title='bbox 913 4097 1094 4180; x_wconf 87' lang='lat' dir='ltr'>propositum</span> <span class='ocrx_word' id='word_1_270' title='bbox 1116 4117 1184 4161; x_wconf 89' lang='lat' dir='ltr'>ser·</span> 
     </span>
    </p>
   </div>
   <div class='ocr_carea' id='block_1_3' title="bbox 73 4251 1202 4418">
    <p class='ocr_par' dir='ltr' id='par_1_5' title="bbox 73 4251 1202 4418">
     <span class='ocr_line' id='line_1_34' title="bbox 109 4251 1202 4328; baseline 0.009 -27"><span class='ocrx_word' id='word_1_271' title='bbox 109 4255 152 4317; x_wconf 91' lang='grc' dir='ltr'>(Ι)</span> <span class='ocrx_word' id='word_1_272' title='bbox 170 4253 190 4303; x_wconf 88' lang='lat' dir='ltr'>u</span> <span class='ocrx_word' id='word_1_273' title='bbox 214 4253 264 4306; x_wconf 86' lang='lat' dir='ltr'>ient</span> <span class='ocrx_word' id='word_1_274' title='bbox 288 4257 381 4323; x_wconf 82' lang='lat' dir='ltr'>qu’uue</span> <span class='ocrx_word' id='word_1_275' title='bbox 398 4257 545 4328; x_wconf 68' lang='lat' dir='ltr'>republique</span> <span class='ocrx_word' id='word_1_276' title='bbox 562 4262 661 4315; x_wconf 82' lang='lat' dir='ltr'>reduute</span> <span class='ocrx_word' id='word_1_277' title='bbox 679 4262 787 4327; x_wconf 80' lang='lat' dir='ltr'>toujours</span> <span class='ocrx_word' id='word_1_278' title='bbox 804 4259 1000 4327; x_wconf 84' lang='lat' dir='ltr'>quelqueebose,</span> <span class='ocrx_word' id='word_1_279' title='bbox 1018 4262 1052 4312; x_wconf 85' lang='lat' dir='ltr'>ait</span> <span class='ocrx_word' id='word_1_280' title='bbox 1069 4251 1202 4320; x_wconf 66' lang='lat' dir='ltr'>uerene,</span> 
     </span>
     <span class='ocr_line' id='line_1_35' title="bbox 73 4351 313 4418; baseline -0.004 -15"><span class='ocrx_word' id='word_1_281' title='bbox 73 4352 188 4418; x_wconf 79' lang='lat' dir='ltr'>Esprr&#39;t,</span> <span class='ocrx_word' id='word_1_282' title='bbox 206 4351 271 4403; x_wconf 82' lang='lat' dir='ltr'>vul.</span> <span class='ocrx_word' id='word_1_283' title='bbox 289 4351 313 4406; x_wconf 86' lang='lat'>5.</span> 
     </span>
    </p>
   </div>
   <div class='ocr_carea' id='block_1_4' title="bbox 1098 4750 1332 4992">
    <p class='ocr_par' dir='ltr' id='par_1_6' title="bbox 1098 4750 1332 4992">
     <span class='ocr_line' id='line_1_36' title="bbox 1098 4750 1332 4992; baseline 0 -55"><span class='ocrx_word' id='word_1_284' title='bbox 1098 4750 1332 4992; x_wconf 50' lang='lat' dir='ltr'><em>J</em></span> 
     </span>
    </p>
   </div>
   <div class='ocr_carea' id='block_1_5' title="bbox 0 0 1408 5324">
    <p class='ocr_par' dir='ltr' id='par_1_7' title="bbox 0 0 1408 5324">
     <span class='ocr_line' id='line_1_37' title="bbox 0 0 1408 5324; baseline 0 1"><span class='ocrx_word' id='word_1_285' title='bbox 0 0 1408 5324; x_wconf 95' lang='lat' dir='ltr'> </span> 
     </span>
    </p>
   </div>
  </div>
 </body>
</html>
