2806 5324
611 393 663 472 53

81 573 226 662 Ιωροιίἰ,
250 576 331 661 quod
349 586 444 644 totum
463 580 495 646 in
513 582 579 661 jure
595 585 736 649 consistat
756 605 875 650 necesse
893 595 935 651 est
956 587 1015 672 (Ι).

129 691 257 770 Rejecta
286 711 356 758 vero
381 693 461 758 inse
479 706 614 779 spectata
634 698 778 763 divisione
799 692 1065 773 nonrrsonrnvn,
1079 701 1181 766 videa·

80 821 152 868 mus
179 824 252 869 num
278 804 419 872 universe
448 798 607 894 Imperium
634 812 665 875 in
693 813 826 877 diversas
846 822 945 897 partes
964 813 1059 878 scindi
1081 817 1180 898 possit.

83 918 264 1002 Priusquam
292 927 393 983 antem
419 921 494 986 iliud
520 924 721 1008 inquiramus,
754 946 870 1010 panca,
898 947 975 1013 qnae
1004 927 1177 1005 subjiciam,

82 1030 412 1101 sedulo-animadverti
435 1036 535 1103 velim.
966 1040 969 1048 ’

126 1147 275 1212 Nimirum
302 1148 369 1227 jura
395 1148 513 1234 Imperii
538 1151 576 1216 ab
601 1151 729 1217 invicem
758 1151 876 1217 differre
902 1163 932 1218 et
954 1153 1042 1219 variis
1061 1172 1178 1239 quoque

81 1261 254 1325 nominibus
273 1261 441 1343 designari,
463 1272 493 1326 et
512 1263 550 1327 ad
569 1275 651 1328 certa
671 1265 850 1351 definitaque
869 1266 934 1331 loca
951 1267 1054 1331 reduci
1074 1286 1176 1351 posse,

79 1377 205 1440 minime
231 1397 393 1459 negamns3
424 1396 529 1443 verum
556 1377 631 1442 haec
658 1378 722 1464 ipsa
751 1379 818 1458 jura
849 1379 975 1466 Imperio
995 1381 1038 1444 ita
1060 1379 1179 1465 propria

81 1499 173 1566 sunt,
202 1498 235 1555 nt
264 1490 303 1555 ab
328 1509 365 1553 eo
392 1489 494 1555 divelli
523 1501 575 1556 aut
596 1493 810 1557 communicari
829 1515 897 1558 cum
914 1493 1040 1557 subditis
1059 1492 1179 1558 omnino

81 1613 251 1690 nequeant,
279 1625 323 1668 ac
342 1604 367 1668 si
395 1604 705 1679 communicarentur,
729 1606 761 1671 hi
780 1628 839 1671 non
858 1607 983 1690 amplius
1002 1605 1116 1671 subditi
1132 1625 1180 1669 cs·

80 1726 163 1791 sent,
190 1718 242 1783 sed
269 1737 373 1782 revera
400 1718 517 1803 Imperii
536 1707 651 1804 partem
668 1729 820 1794 tenerent;
847 1730 936 1806 atque
952 1721 994 1785 ita
1013 1721 1096 1806 (nam
1113 1717 1179 1783 sin·

75 1832 169 1922 [gulas
184 1824 303 1916 Imperii
323 1842 422 1916 partes
441 1855 569 1898 summus
587 1854 649 1898 esse
666 1835 775 1899 debere
792 1855 882 1920 supra
898 1834 1091 1919 notavimus),
1109 1834 1175 1918 plu·

80 1946 179 2010 resin
199 1947 305 2011 eadem
323 1945 445 2011 ciuitate
464 1957 654 2029 exsurgerent
672 1948 787 2011 Summi
800 1948 995 2031 Imperantes,
1013 1946 1092 2032 quod
1104 1964 1176 2009 sane
1260 1924 1264 1931 ¹

80 2079 200 2124 omnem
217 2059 367 2125 societatis
385 2060 519 2125 ordinem
540 2062 738 2125 subverteret.
749 2060 917 2124 -Deinde
935 2081 1038 2127 verum
1055 2057 1176 2145 quidem

25 2225 34 2238 .
81 2181 147 2246 est,
175 2173 291 2235 nullum
320 2170 368 2250 ins
395 2170 456 2236 nisi
474 2173 556 2260 facto
577 2171 679 2260 atiqm
697 2172 836 2239 effectum
854 2172 952 2238 sortiri
968 2192 1068 2258 posse,
1087 2181 1176 2255 atque

79 2285 139 2349 hoc
156 2285 247 2349 etiam
266 2287 378 2351 sactum
399 2287 438 2350 ab
458 2287 624 2372 imperante
643 2289 771 2353 subditis
790 2289 827 2353 ad
840 2288 1042 2353 executionem
1053 2286 1175 2349 deman·

80 2398 148 2462 dari
175 2421 278 2483 posse,
305 2401 358 2465 sed
386 2410 488 2465 tamen
504 2399 554 2487 jus
574 2399 670 2488 ipsum
687 2404 770 2467 nulia
788 2401 903 2467 ratione
922 2400 1049 2467 conferri
1067 2400 1103 2463 iis
1119 2419 1177 2482 po·

78 2525 155 2591 test,
176 2516 247 2601 quin
269 2514 364 2578 omnis
381 2514 500 2599 Imperii
519 2524 548 2579 et
566 2515 696 2583 civitatis
714 2517 795 2581 notio
812 2518 952 2590 tollatur3
981 2513 1174 2601 quemadmo-

78 2630 170 2701 dum,
195 2630 221 2693 si
240 2629 372 2713 exempto
392 2629 435 2694 uti
457 2629 544 2703 iicet,
575 2629 780 2703 ususfructus,
802 2629 880 2715 quod
900 2630 936 2694 ad
958 2628 1175 2712 perceptionem

77 2743 200 2828 quidem
224 2716 377 2808 fructuum
403 2743 467 2807 sive
494 2741 574 2826 quod
595 2741 626 2805 in
644 2761 679 2804 eo
695 2739 773 2828 facti
789 2750 852 2816 est,
883 2741 921 2804 ad
941 2741 1061 2805 tertium
1077 2749 1175 2802 trans·

76 2857 149 2920 ferri
168 2865 279 2942 potest,
297 2877 401 2921 verum
416 2856 466 2941 jus
485 2857 581 2940 ipsum
599 2855 788 2921 ususfructus
803 2854 843 2920 ab
854 2851 1076 2920 usufructuario
1087 2850 1173 2914 alteri

75 2970 144 3033 cedi
166 2971 267 3054 nequit
291 2971 350 3056 (2).
375 2972 430 3034 His
451 2971 554 3055 positis
575 2991 743 3055 pergamus.

120 3082 393 3164 Quemadmodum
405 3088 485 3150 enim
513 3087 544 3150 in
572 3087 727 3160 omnibus,
751 3105 828 3171 quae
845 3095 915 3151 sunt
932 3095 984 3151 aut
1000 3085 1093 3158 fiunt,
1113 3084 1173 3148 duo

73 3197 218 3280 distingui
242 3201 356 3274 solent,
388 3203 489 3286 torma
507 3199 648 3264 nimirum
669 3209 700 3263 et
716 3201 859 3274 materia,
886 3219 1011 3285 querum
1029 3197 1103 3261 haec
1120 3195 1170 3270 id,

17 3400 21 3407 r
73 3313 155 3398 quud
176 3323 221 3376 est
239 3315 359 3390 antiit,
378 3313 475 3399 ipsum
495 3313 662 3395 significat,
682 3313 734 3376 iiia
752 3333 823 3377 vero
842 3314 963 3377 modum
981 3312 1172 3376 strationem

74 3448 141 3512 qua.
162 3427 213 3503 fit,
245 3449 304 3515 qua
331 3438 534 3514 comparatum
554 3437 618 3492 est:
639 3428 681 3490 ita
701 3427 812 3511 pariter
829 3426 860 3490 in
880 3427 1023 3511 Imperio,
1042 3426 1120 3511 quod
1140 3426 1171 3490 in

73 3541 141 3619 iure
167 3544 300 3608 consistit
327 3543 606 3629 praecipiendus,
631 3560 707 3626 quae
731 3540 885 3605 consilinm
902 3542 1032 3608 civitatis
1050 3542 1169 3624 exigat,

73 3659 179 3721 netad
199 3657 229 3722 id
248 3659 364 3743 ipsum,
388 3659 468 3744 quod
487 3655 686 3744 praecipitur,
708 3656 822 3721 attendi
842 3665 959 3741 potest,
983 3657 1031 3723 vei
1048 3657 1086 3719 ad
1106 3676 1171 3719 mo·

72 3770 166 3846 dum,
190 3793 249 3858 quo
271 3771 403 3850 jubetur.

93 3998 136 4063 (Ι)
156 3998 187 4047 En
204 4016 269 4049 rnuss
285 4002 458 4061 eiuieuclrten‚
474 4003 508 4051 uit
522 4013 649 4060 muninz,
666 3999 722 4049 desc
739 4016 795 4049 mun
810 4016 836 4049 eo
856 3999 898 4050 dno
914 3997 1025 4050 ceresiers
1041 3997 1083 4045 des
1090 3994 1183 4045 [interr

57 4093 105 4140 nsit
122 4092 178 4142 dem
197 4093 266 4142 Amte
286 4093 329 4142 der
345 4095 473 4160 Obrigkeit
490 4093 657 4165 verwechsett.
673 4095 705 4144 Es
723 4096 743 4142 is
761 4093 894 4143 licherlicir
913 4093 966 4142 dass
982 4095 1037 4141 eina
1056 4089 1182 4152 Obrigieit
1270 4155 1271 4158 Ἴ
1380 4103 1385 4112 ·

54 4190 107 4235 den
138 4177 220 4238 Buschi
242 4188 322 4248 geben
346 4188 396 4237 und
418 4189 473 4237 cine
496 4187 606 4247 andere,
617 4190 691 4252 jener
710 4189 775 4240 doch
793 4188 862 4239 uiclnt
877 4186 1039 4239 subordiuirte
1055 4182 1183 4247 obriguere

54 4281 125 4329 dieue
145 4260 244 4328 Beiehie
260 4281 405 4345 empiangen
421 4281 472 4329 und
495 4267 624 4331 nntrienen‘
636 4280 691 4333 rull·

86 4381 128 4450 (2)
145 4381 263 4435 1-661).
283 4385 314 4434 de
324 4386 382 4454 jur.
400 4385 450 4434 tint.

1163 4798 1343 4982 ,1
