2806 5324
748 404 831 485 'rto

244 595 394 660 exstincte
419 593 533 662 familie
553 597 652 681 regia,
685 599 716 663 in
740 596 804 664 ctio
822 589 990 688 “eligendcr
1013 596 1062 663 vel
1087 597 1133 661 3⁰.
1163 595 1195 661 in
1228 591 1353 684 iegibus

132 715 136 718 ’
242 706 450 774 custodiendis.
473 710 597 794 Singula
617 711 999 796 diligentiusexamiuenda
1018 718 1098 776 eunt.
1222 744 1231 755 κ

291 824 349 908 1⁰.)
372 824 531 907 Imperium
549 827 655 911 quippe
674 827 795 892 tributis
812 804 1355 909 exigendienihileiindiacit,qnam·

241 946 359 1021 partem
387 941 538 1023 quandam
567 960 604 1004 er
632 941 717 1006 bonis
748 940 859 1010 civium
875 941 914 1007 ed
935 939 1171 1010 conservandam
1186 938 1350 1008 civitatem

245 1049 400 1116 adhibere.
437 1077 440 1094 ·
920 1059 923 1064 ·

289 1163 385 1247 Leges
406 1164 514 1246 igitur,
537 1168 644 1254 quibus
660 1168 698 1233 de
715 1169 834 1235 tributis
853 1167 1002 1233 solvendis
1020 1175 1162 1257 erretur,
1182 1165 1352 1232 relationes

238 1277 532 1358 necessariarum,
551 1304 630 1369 quae
647 1292 711 1348 tam
726 1304 761 1348 ex
779 1293 885 1346 natura
902 1282 1067 1357 bonorum,
1086 1302 1177 1366 quern
1188 1291 1352 1348 exnatura

247 1394 377 1462 civitatis
404 1397 590 1463 derivantur.
613 1398 658 1463 Er
686 1408 794 1464 uatnra
820 1398 981 1472 bonorum,
1007 1399 1146 1494 inquam:
1175 1407 1246 1463 cunt
1262 1397 1351 1464 enim

246 1509 341 1587 bona,
369 1511 407 1576 de
431 1511 539 1597 quibus
564 1513 661 1591 major
680 1534 748 1597 pers
766 1513 872 1576 tributi
897 1513 1017 1577 nomine
1036 1512 1154 1599 decerpi
1173 1523 1286 1600 potectr
1311 1535 1350 1578 ex

245 1635 354 1691 natura
379 1625 525 1691 civitatisr
551 1636 620 1691 suut
637 1627 717 1691 enim
735 1628 872 1693 civitates
891 1627 1019 1712 adquae
1036 1629 1197 1695 servandas
1212 1627 1350 1708 majores

246 1750 380 1818 sumtus,
402 1748 491 1825 atque
509 1740 579 1806 hinc
598 1741 712 1821 majora
729 1742 842 1806 tributa
861 1742 1062 1827 requiruntur.

290 1858 326 1923 In
351 1858 472 1923 tributis
500 1875 571 1923 vero
597 1856 728 1943 quinque
757 1856 941 1940 potissimum
964 1856 1348 1925 considerandovearinnt:

248 1992 354 2058 nempe
378 1972 411 2058 a)
440 1960 575 2062 'rogatim
600 1970 631 2056 t)
649 1969 829 2045 'cuneorum
845 1972 873 2056 c)
891 1969 1057 2059 perceptio5
1076 1970 1110 2056 d)
1129 1969 1263 2057 impensa
1279 1970 1350 2040 eive

247 2106 338 2160 uerter
357 2089 386 2173 e)
404 2087 532 2172 denique
549 2091 737 2171 acceptorum
755 2092 785 2150 et
799 2106 997 2172 expensorum
1013 2083 1102 2152 ratio.
1125 2085 1251 2168 Singula
1267 2107 1349 2171 quo-

236 2201 337 2265 modo
366 2202 468 2285 peragi
494 2200 644 2275 debeant,
676 2201 868 2288 inquiramus.
897 2201 1241 2277 surculorum,
1268 2201 1351 2266 nihii

236 2315 400 2400 perspicue
417 2315 512 2396 magis
524 2314 693 2388 declarare.
713 2314 1351 2401 mamseduloinomnibusmonarchia-re·

237 2446 314 2494 nuru
330 2439 469 2494 naturam
483 2437 640 2513 sequetur,
651 2446 741 2512 quarn
753 2428 817 2513 ipen
827 2428 901 2493 haec
911 2429 1075 2515 inquisitio,
1088 2428 1350 2516 queesnbjicitur.

236 2574 243 2581 ..
264 2564 267 2572 ·
290 2543 325 2628 o)
348 2541 507 2626 imperium
539 2561 593 2606 sen
620 2542 784 2607 Monarche
803 2543 916 2608 tribute
934 2560 1039 2626 rogare
1057 2545 1120 2610 rive
1138 2545 1270 2609 indicere
1287 2545 1350 2609 de—

247 2655 318 2720 bet:
339 2658 477 2721 naturaie
492 2658 571 2722 enirn
587 2651 655 2732 eei,
674 2667 708 2723 nt
725 2656 773 2723 eui
792 2659 832 2723 nd
851 2659 1086 2726 conservandam
1105 2659 1351 2727 civitatem-nni·

247 2790 364 2842 versam
399 2786 537 2855 supreme
559 2782 689 2857 potestas
713 2773 869 2838 commissa
896 2783 959 2849 ert,
988 2774 1054 2859 ipse·
1075 2773 1209 2839 omniurn
1234 2761 1376 2859 optirrr‘e⁸

231 2895 370 2962 noscat,
399 2886 473 2971 quid
500 2886 539 2950 ad
567 2887 694 2951 satutem
726 2895 757 2951 et
787 2887 1040 2954 conservationem
1060 2889 1191 2957 civitatie
1202 2890 1352 2956 neceesa-

234 3000 324 3064 rium
349 3000 404 3075 eit3

234 3116 277 3200 tr)
296 3114 416 3180 'Civitas
443 3135 514 3180 vero
540 3117 653 3182 tributa
672 3119 833 3184 concedere
852 3120 915 3204 sive
936 3119 1119 3202 rogationem
1137 3119 1161 3184 n
1180 3118 1353 3184 Monarchn

249 3229 362 3295 iactam
388 3228 538 3315 inquirere
564 3241 595 3296 et
623 3233 749 3318 probare
774 3235 883 3298 debet:
904 3236 1043 3299 naturaie
1059 3234 1138 3299 enim
1158 3241 1220 3311 est,
1241 3236 1353 3320 utqui

246 3345 413 3429 possideat,
442 3346 560 3430 penitus
579 3349 763 3433 exploratum
781 3348 913 3423 haheat,
931 3348 1004 3434 quid
1022 3357 1052 3412 et
1070 3358 1217 3434 qnantum
1235 3357 1266 3413 et
1286 3369 1351 3434 qno

230 3459 337 3522 >modo
358 3479 394 3522 ex
414 3458 500 3525 honis
517 3463 577 3527 suis
594 3463 632 3525 ud
654 3483 842 3528 communem
861 3463 1063 3528 defensionem
1079 3445 1214 3528 conferre
1224 3463 1349 3538 valeat;

287 3595 322 3646 e,
351 3572 373 3636 d
383 3621 392 3648 ,
417 3578 447 3655 e)
465 3577 631 3642 Monarcha
648 3580 762 3644 tributa
784 3578 955 3664 percipere,
976 3578 1147 3664 impendere
1164 3587 1195 3642 et
1215 3576 1352 3644 rationes

246 3687 372 3752 reddere
399 3689 488 3755 debet
513 3713 567 3776 per
594 3693 691 3759 varios
719 3694 869 3758 ministros
893 3693 956 3758 sive
984 3701 1107 3776 agentes
1133 3713 1219 3757 suos:
1239 3693 1352 3758 nullus

137 3791 140 3794 ⁴
229 3808 324 3872 *enirn
343 3807 450 3873 meiius
466 3807 617 3892 percipere
637 3816 733 3892 poresr
753 3827 845 3892 quem
864 3807 917 3891 qui
936 3807 998 3891 ipse
1016 3805 1140 3881 indicit,
1163 3827 1218 3871 nec
1236 3806 1350 3875 meiius

228 3922 375 3987 rationes
407 3922 533 3987 reddere
559 3941 651 4006 qnam
678 3920 730 4005 qui
758 3923 821 4006 ipse
846 3920 1001 4005 impendit.
1030 3919 1158 3985 Ministri
1184 3940 1256 3988 vero
1282 3920 1350 3986 nive

105 4029 109 4036 ’
231 4046 366 4120 agentes
386 4035 431 4101 illi
449 4037 649 4110 Monarchae,
680 4037 796 4123 quoties
815 4037 846 4101 iu
864 4035 1042 4121 perficiendo
1058 4034 1154 4099 officio
1170 4037 1349 4101 concussio-

244 4152 332 4216 nibus
351 4161 403 4216 aut
423 4149 663 4216 fraudationibus
680 4162 826 4230 utantur,
840 4152 942 4238 poenis
956 4151 1074 4234 legibus
1089 4148 1217 4216 definitis
1234 4161 1349 4218 tenen-

241 4273 314 4340 tur,
334 4267 432 4351 deque
442 4268 485 4344 ,iis
503 4266 650 4347 judicium
670 4266 741 4331 ferri
760 4268 850 4334 debet
867 4288 891 4357 a*
903 4266 1125 4344 tribunalium
1137 4266 1178 4334 ad
1187 4285 1267 4352 qnae
1276 4288 1349 4355 per-

242 4378 338 4445 tinere
355 4380 483 4446 diximus
501 4381 600 4467 legum
618 4382 865 4469 applicationem
1288 4378 1294 4390 ‘
