2806 5324
588 341 642 418 55

29 540 171 601 reuera
190 549 249 598 nnn
269 525 412 608 haireret,
435 530 488 614 qui
509 530 630 597 nomine
650 529 718 596 talis
732 529 889 595 diceretur
905 525 1061 609 (summum
1078 531 1156 598 enim

14 648 201 719 essm-et
221 640 292 733 udr‘r's
313 640 437 731 subjici,
457 642 690 713 contradictoria
708 651 794 716 sunt,
811 630 857 719 uit,
874 645 1067 730 uorsusrus);
1087 669 1154 732 pau·

10 756 118 824 {inu
140 759 248 828 civitas
270 758 426 824 consilium
448 779 533 823 suum
556 759 673 844 assequi
695 780 754 824 uon
776 759 1001 833 ereremum
1022 760 1054 825 id
1070 763 1165 828 dees·

10 881 107 937 set
129 872 211 957 qnod
231 872 349 965 consilii
371 871 519 938 amecutio
541 873 685 959 requirit.
718 893 761 938 sc.
783 872 955 957 Imperium,
982 894 1042 960 quo
1061 895 1154 957 gene·

16 986 141 1051 rans.
162 964 338 1064 continetur*
357 987 496 1058 voluntas
519 986 659 1053 civitatis.
681 985 744 1051 Nec
762 983 846 1051 dieas
860 996 976 1053 tantum
994 991 1154 1056 auctorita·

22 1100 124 1166 tem
141 1120 205 1164 reru
223 1119 287 1165 esse
304 1098 450 1165 lubricam
469 1102 649 1187 plenamque
667 1101 804 1187 periculi,
821 1122 889 1167 cum
904 1103 996 1175 unius
1007 1104 1055 1172 uel
1073 1114 1154 1173 certe

38 1227 226 1295 paucorum
238 1294 239 1301 ἵ
252 1212 365 1295 judicio
390 1235 481 1300 quam
507 1217 635 1302 plurima
655 1217 825 1301 permittat:
849 1216 938 1282 simul
954 1219 1036 1284 enim
1052 1218 1154 1286 saten-

54 1325 134 1399 dum
152 1335 213 1402 est,
229 1349 289 1394 nou
305 1329 402 1412 magis
419 1339 517 1397 tutam
536 1328 601 1395 dore
620 1329 718 1404 viam,
743 1350 811 1416 qua,
822 1332 1022 1399 multitudinis
1037 1335 1165 1405 devitati.

35 1451 97 1509 et.
117 1441 339 1511 inconstantiae
365 1442 743 1511 ciritascommitteretnr.
776 1445 938 1524 Quodnam
959 1449 1039 1515 enim
1058 1461 1102 1516 est
1122 1453 1166 1519 in¹

61 1554 254 1627 multitudiue
277 1550 378 1623 c'ertue
405 1557 581 1642 prudentiae
606 1558 807 1643 praesidium,
835 1559 987 1645 quoduam
1012 1562 1165 1633 adversus·

60 1669 253 1738 iacfioeorum
272 1651 425 1768 hominurn
442 1683 567 1739 conatus
587 1682 771 1740 momentum
787 1675 979 1742 continetur?
1108 1724 1111 1733 .

104 1788 139 1851 4.
151 1823 195 1839 -
207 1784 362 1852 Sufficiunt
378 1788 463 1854 uaria
480 1787 554 1854 haec
568 1787 607 1855 ud
622 1787 810 1874 probandum
820 1789 1019 1877 opinationem
1035 1813 1152 1873 eorum,

60 1898 117 1986 qui
137 1899 295 1967 Summum
320 1902 482 1988 Imperium
507 1923 597 1989 penes
620 1902 761 1990 populum
785 1923 852 1979 esse
873 1904 1023 1984 sentiunt,
1047 1911 1166 1985 rationi,

59 2037 224 2104 rerumque
252 2026 378 2091 naturae
407 2039 499 2104 quarn
522 2019 651 2086 maxime
681 2017 846 2085 aduersari.
874 2017 962 2097 Quae
987 2042 1059 2091 uero
1080 2046 1156 2095 suna

58 2133 220 2218 hueusque
240 2130 318 2199 ratio
342 2130 462 2205 inuictis
489 2133 671 2217 argumentis
695 2131 938 2211 suasit,.eadem
959 2142 990 2198 et
1008 2135 1165 2218 historio,

59 2256 229 2332 temporum
254 2247 337 2319 testie
361 2247 493 2332 optima,
515 2248 706 2321 ,documentis
723 2248 786 2315 suis
802 2247 948 2313 firmabit:
972 2271 1063 2336 qnam
1084 2258 1158 2342 qni.

59 2362 131 2429 dem
155 2383 192 2428 eo
216 2363 396 2433 luculentius
422 2360 578 2446 suffragari
599 2363 688 2432 ,nobis
709 2360 940 2450 perspiciemus,
968 2385 1029 2448 quo
1053 2370 1157 2438 animo

59 2477 275 2562 praejudicatis
299 2472 487 2564 opinionibus
512 2479 607 2562 magis
635 2499 748 2554 vacuo,
768 2479 892 2545 annales
908 2479 974 2559 ejus
988 2482 1157 2568 ,diiigenter

59 2601 93 2657 et
114 2591 238 2677 sincere.
252 2593 463 2661 volutabrum.
487 2591 582 2673 Cujus
604 2593 647 2671 rei
666 2569 737 2661 licet
754 2592 785 2658 in
802 2593 941 2669 omnibus
956 2593 1020 2670 iere
1036 2601 1165 2682 regnis,¹
1185 2663 1188 2669 ,
1274 2680 1277 2692 ,

60 2707 174 2793 quibus
198 2726 310 2789 magno
333 2705 470 2790 Europae
488 2705 614 2777 societas
632 2705 791 2781 coalescit,
811 2705 1012 2780 testimouium
1035 2730 1053 2772 a
1072 2713 1165 2785 nubis

57 2820 177 2907 exquiri
192 2829 308 2906 posset,
328 2820 447 2906 parcius
466 2829 568 2887 tameo
590 2820 622 2885 in
644 2818 845 2902 surgendum
865 2839 928 2885 esse
947 2821 1102 2901 ducimus,
1125 2837 1163 2900 et¹

58 2944 238 3020 argumenta
258 2944 426 3021 repetemus
442 2954 479 3000 ex
495 2934 532 3000 iis
550 2934 623 3005 locis
638 2932 842 3019 potissimum,
861 2954 940 3020 quae
960 2938 1055 3011 ueluti
1071 2941 1166 3010 sedes.
1269 2966 1271 2972 ⁴

57 3051 221 3136 praecipua
234 3050 434 3138 nefandarum
452 3047 654 3116 doctrinarum
670 3049 810 3124 inerunt,
827 3069 903 3134 quas
922 3050 971 3118 hic
987 3075 1164 3143 oppugnare·

57 3164 148 3232 nobis
171 3165 390 3251 proposuimuse
414 3174 506 3251 atque
526 3185 576 3231 eos
593 3165 743 3252 inprimis
763 3165 886 3251 populos
905 3165 937 3232 iu
955 3168 1157 3240 defensionem
1217 3240 1224 3251 ,

57 3280 195 3352 ueritatis
214 3279 420 3356 evocabimur,
440 3299 514 3364 quos
531 3279 694 3348 aduersarii
711 3279 805 3347 uostri
821 3299 930 3345 causae
944 3300 1019 3346 suae
1037 3286 1085 3351 vei
1099 3287 1168 3354 im-·
1265 3290 1268 3301 ‘

58 3395 180 3482 pensius
204 3393 309 3466 davene
336 3394 608 3461 comminiscuntur.
633 3393 737 3479 quue
759 3392 941 3478 probationis
961 3413 1070 3478 genere
1088 3398 1168 3467 ideo,

58 3514 109 3585 vel
124 3511 253 3579 maxime
267 3519 400 3586 utemur,
417 3509 497 3597 quod
514 3507 640 3595 propriis
657 3507 700 3573 ita
718 3507 810 3573 armis
826 3508 972 3594 opinionis
988 3515 1167 3588 contrariae,

58 3637 199 3716 patronos
220 3625 332 3694 invicte
360 3625 564 3712 reprimemus.
589 3623 732 3688 ,Ubinam
745 3631 847 3689 autem
866 3633 897 3689 et
914 3625 1065 3694 societatis
1083 3630 1158 3702 ordo

56 3743 156 3827 magis
179 3725 385 3828 pessumdatus
412 3749 443 3805 et
467 3759 553 3820 sacra
577 3737 696 3823 Imperii
717 3736 837 3810 vincula
854 3741 1000 3808 audacius
1019 3744 1154 3822 divulsa,

57 3879 153 3945 quarn
177 3858 215 3924 iis
236 3858 268 3924 in
289 3856 476 3940 regionibus,
500 3872 598 3940 quae,
622 3852 692 3917 iicet
712 3871 824 3940 oeeauo
836 3855 885 3928 ,ab
903 3857 1031 3926 invicem
1048 3865 1078 3921 et
1093 3877 1159 3922 nro·

57 3995 128 4042 rum
151 3983 181 4040 et
210 3972 291 4042 ritue
318 3970 435 4037 ratione
459 3967 644 4048 disjunctae,
668 3965 700 4031 in
721 3987 815 4034 uuam
841 3977 942 4036 tamen
972 3970 1168 4055 eandemque,

56 4087 222 4176 impietatis
251 4087 389 4174 φρένεσιν
412 4087 594 4169 conspirasse
619 4079 784 4150 videntur?
815 4081 993 4160 Firmium,
1015 4085 1156 4171 iuquam,
1229 4082 1231 4089 ’
1255 4080 1257 4085 ’
1359 4135 1392 4166 ,.

56 4202 284 4289 Angliamque,
307 4199 518 4270 florentissima
545 4196 635 4261 ambo
658 4205 689 4262 et
707 4197 878 4263 cultissima
897 4220 1006 4284 regno,
1031 4178 1158 4288 qnorum
1270 4285 1272 4289 ῃ

57 4319 156 4401 cives,
171 4319 267 4390 libera
282 4314 537 4406 uimis'opinuudi
553 4311 704 4401 prurigine
719 4313 879 4395 adductos,
899 4338 1038 4386 coronam
1054 4341 1158 4404 regum
1176 4326 1182 4355 ³

1051 4437 1071 4498 ὁ
