2806 5324
607 379 683 459 lid

141 561 255 653 Quodsi
276 559 422 626 hactenus
442 561 480 626 de
500 559 622 626 tributis
641 581 677 625 ex
695 558 825 625 naturali
845 559 887 624 rei
907 558 1022 623 ratione
1043 558 1192 635 vidimus,

7 675 155 759 j-nm
184 697 304 754 morus,
334 687 368 742 ut
396 677 476 744 uam
506 672 662 760 bucusque
689 675 812 740 anobis
830 675 931 740 tritam
952 694 1123 751 servemus,
1153 675 1193 740 ad

7 795 175 862 facta
192 793 334 859 historica
351 791 570 877 properandum
590 798 654 866 est,
674 800 706 855 ut
725 791 902 874 probemus,
921 790 999 875 apud
1019 800 1122 873 gentes
1131 791 1192 856 ori-

7 911 177 996 ginis.
198 907 398 974 Germanicae
419 915 510 992 atque
532 905 608 970 adeo
626 905 657 968 in
675 904 824 980 Francia,
845 914 1019 990 perpetuam
1038 905 1129 971 luisse
1148 908 1192 972 le·

9 1046 161 1110 gem
181 1022 438 1089 fundamentalem
456 1019 666 1094 monarchiae,
697 1019 796 1101 Reges
816 1019 928 1084 tributa
949 1040 966 1084 a
984 1021 1113 1086 subditis
1131 1022 1192 1087 exi·

15 1156 163 1222 ⁴flere
182 1156 356 1220 nonposse,
379 1143 542 1219 antequam
560 1134 701 1218 utrinque
716 1131 820 1197 mutuo
837 1149 981 1199 consensu
999 1136 1194 1220 comprobata

26 1256 229 1322 inissent.
252 1251 333 1317 Ante
352 1247 452 1313 omnia
469 1258 570 1313 autem
590 1247 891 1316 animadvertendum
909 1256 970 1323 est,
990 1248 1075 1313 initio
1093 1251 1193 1334 Reges

31 1372 177 1436 nulla
203 1369 318 1433 tribula
344 1366 452 1452 pupulo
473 1363 655 1449 imposuisse.
690 1362 852 1427 Habebant
871 1364 968 1437 enim,
989 1364 1068 1428 uude
1084 1384 1192 1429 secun·
1299 1412 1301 1427 .

47 1486 165 1550 «lum
190 1482 338 1548 rationem
366 1479 519 1564 dignitatis
544 1497 616 1543 suae
642 1476 796 1553 virerent,
823 1478 936 1543 reditus
963 1479 1188 1555 demoniorum,

44 1600 172 1666 <lona
198 1596 349 1683 gratuita,
375 1595 522 1668 mulctas,
553 1593 797 1669 confiscationes,
823 1595 902 1669 alia,
924 1613 1002 1677 quae
1021 1614 1057 1659 er
1078 1594 1195 1678 legibus

62 1714 310 1802 Jsescipiebaut.
341 1711 493 1776 Bellorum
510 1719 625 1775 sumtus
643 1710 756 1794 publici
772 1711 846 1775 nulli
864 1723 966 1784 erant,
986 1730 1055 1774 curu
1074 1719 1195 1796 propter

71 1831 224 1897 officium
254 1827 394 1902 feudale,
427 1825 507 1911 quod
528 1833 624 1891 tolum
642 1825 705 1890 iere
721 1836 786 1892 erat
803 1826 952 1901 militare,
977 1829 1108 1894 vasallus
1125 1847 1194 1892 cum

64 1925 154 2009 zuis
170 1942 342 2009 homiuibus
359 1942 523 2027 principem
541 1942 580 2005 ad
597 1940 711 2006 bellum
729 1942 814 2026 sequi
831 1942 1035 2024 obligaretur,
1065 1944 1103 2009 ad
1124 1946 1193 2010 nul·
1206 1914 1228 1929 ο

67 2060 155 2131 lam
181 2057 247 2127 iere
273 2056 365 2121 aliam
388 2057 508 2142 operam
536 2055 706 2121 adstrictus.
738 2055 787 2121 Ad
813 2056 877 2123 vias
902 2066 1082 2144 caeteraque
1102 2057 1195 2145 opem
1307 2074 1310 2080 .

76 2173 217 2258 publiea
247 2171 426 2236 exstruenda
452 2180 505 2235 aut
532 2169 691 2235 reficienda
719 2170 829 2235 ciuium
851 2170 936 2237 labor
953 2172 1087 2237 sufficere
1109 2175 1195 2240 vide·
1264 2190 1266 2195 '

95 2289 199 2353 batur.
230 2286 372 2351 Justitiae
400 2284 530 2370 denique
557 2286 774 2351 administratio
793 2309 852 2351 uon
868 2289 965 2352 solum
983 2310 1043 2355 non
1061 2290 1196 2376 expensis

76 2403 195 2468 ]ocum
224 2422 285 2466 non
315 2401 425 2476 dabat,
454 2401 508 2465 sed
533 2401 663 2466 reditum
685 2401 765 2466 haud
783 2404 922 2486 exiguum
940 2404 1101 2481 afferebat,
1125 2428 1194 2474 cum

64 2525 211 2602 :praeter
227 2514 462 2581 satislaotioncm
481 2517 579 2591 laeso,
607 2515 767 2582 damnatus
787 2518 951 2604 imperanti
968 2540 1104 2606 quoque,
1128 2533 1195 2590 tan·
1258 2575 1264 2583 .

55 2651 183 2718 quam
201 2630 337 2696 molestia
355 2629 463 2695 affecto
481 2640 511 2696 et
528 2631 649 2706 dolore,
668 2633 814 2698 mulctam
829 2633 944 2699 solvere
964 2645 1128 2703 teneretur.

134 2750 224 2830 Quod
249 2745 447 2814 ueroubivis
476 2746 591 2811 lactum
616 2755 680 2821 est,
705 2746 794 2812 simul
814 2767 850 2812 ac
867 2749 993 2813 societas
1010 2751 1132 2835 politica
1154 2754 1194 2818 ad
1277 2827 1280 2830 ‚

68 2865 238 2946 majorem
255 2864 355 2929 cultus
371 2872 400 2928 et
416 2862 605 2947 perfectionis
625 2864 752 2947 gradum
770 2863 969 2949 pervenisset,
994 2867 1195 2932 necessarium

76 2980 152 3046 :loir
182 2961 238 3053 ut,
259 2987 351 3043 aucta
371 2977 517 3041 bonorum
535 2977 641 3062 copia,
666 2978 763 3044 auctis
778 2962 849 3046 vero
865 2980 955 3044 simul
973 2980 1121 3047 sumtibus
1139 3003 1194 3068 pu·

64 3093 171 3160 ¹Inlice
187 3093 351 3168 faciendis,
376 3115 394 3157 a
409 3092 533 3175 siugulis
548 3090 665 3158 civibus
677 3101 829 3177 peteretur
847 3093 1027 3161 facultatum
1045 3099 1194 3183 quaedam

88 3230 183 3296 pars,
201 3229 260 3296 qua
277 3208 432 3295 publicum
449 3206 579 3273 ciuitatis
598 3205 686 3271 sunem
704 3208 892 3287 adjurarent.
911 3211 947 3275 ln
965 3211 1069 3296 primis
1094 3219 1195 3280 autem

82 3325 127 3391 it
155 3326 271 3391 sactum
300 3323 358 3389 fuit
384 3322 562 3389 introductis
589 3320 719 3388 militum
737 3322 830 3407 copiis
856 3325 1037 3408 perennibus
1059 3325 1194 3414 (troupes

41 3437 54 3443 “
99 3441 238 3530 rc'glces).

138 3555 203 3621 Etsi
243 3563 345 3622 autem
365 3552 506 3638 temporis
533 3561 677 3639 puuctum
705 3573 763 3637 quo
790 3550 867 3635 exigi
895 3561 1057 3637 coeperunt
1084 3556 1199 3624 tributa

99 3670 230 3759 praecise
255 3665 382 3732 indicari
415 3686 474 3729 non
501 3663 607 3750 possit,
645 3662 840 3727 certissimum
865 3663 968 3750 utique
992 3673 1056 3738 est,
1079 3664 1150 3731 iude
1177 3688 1196 3731 a

99 3801 235 3851 rnrnrrro
245 3799 382 3843 runcuuo
391 3774 441 3863 qui
449 3774 576 3860 primum
589 3773 706 3838 ordines
714 3774 867 3862 generales
879 3780 1055 3845 convocavit
1067 3781 1195 3867 (1301),

101 3915 202 3961 coram
229 3892 339 3979 quibus
366 3886 520 3978 praecepit
548 3894 580 3952 ul
605 3885 787 3953 dominarer
807 3888 927 3979 rogarit
945 3899 975 3957 ot
990 3891 1128 3980 precibus
1146 3892 1198 3960 in-

101 4002 177 4072 stitit
195 4010 229 4068 at
245 3998 376 4076 amicus,
400 4008 434 4064 ut
452 3997 516 4063 sibi
529 3997 663 4063 subsidia
690 3998 946 4078 concederentur,
978 4005 1127 4091 principes
1144 4012 1197 4074 lri·

102 4119 244 4185 buturum
259 4115 476 4201 impositionem
491 4112 549 4178 sibi
566 4133 625 4177 non
645 4112 732 4177 aliter
741 4117 914 4197 permissam
925 4118 1098 4201 agnouisse,
1109 4102 1212 4209 quam

96 4229 196 4317 petito
224 4237 254 4293 et
276 4227 434 4311 impetrato
450 4226 541 4291 totius
553 4225 651 4308 gentis
669 4246 823 4292 consensu.
847 4230 937 4309 Quod
955 4232 1076 4318 quidem
1096 4254 1201 4304 exem·

103 4344 160 4430 plis
178 4362 198 4408 a
215 4342 341 4427 singulis
360 4339 494 4426 Regibus
509 4340 626 4427 petitis,
650 4339 706 4407 etsi
724 4351 842 4427 praesto
863 4347 939 4422 siut,
963 4345 1090 4432 probare
1111 4352 1201 4418 nolu-

277 4455 281 4475 '
1074 4463 1112 4530 15
