2806 5324
112 460 150 515 f.

105 514 113 533 r

24 649 27 654 ,

786 376 875 395 m

307 536 400 609 ¹Idibi
417 536 514 629 igitur
532 535 634 605 utilem
651 562 746 628 neque
763 536 834 605 aliis
848 538 928 628 forte
937 537 1132 627 injucundam
1142 540 1209 630 sore
1219 542 1382 630 sperabam

279 678 416 745 operam,
439 651 581 741 quamin
607 651 789 742 explicanda
814 653 912 738 Regia
932 663 1078 740 potestate
1101 656 1266 721 secandum
1285 658 1385 740 legem

280 770 539 837 fundamentalem
549 779 680 834 nostram
691 770 878 836 collocarem.
903 767 993 852 Quod
1007 792 1083 859 opus
1097 793 1163 835 cum
1172 769 1382 859 ssascepissem,

280 882 367 951 initio
394 881 513 972 quidem
539 906 600 949 non
629 881 818 960 dubitabam,
842 881 917 972 quin
935 890 1008 951 ante
1027 908 1073 949 me
1090 883 1178 950 multi
1194 883 1251 951 alii
1268 882 1301 950 in
1318 892 1385 951 tota

278 999 345 1087 lege
362 994 589 1084 fundamentali
606 994 786 1087 explicanda
809 995 852 1062 ua
870 997 984 1064 uersati
1001 993 1151 1085 ficissent,
1171 1004 1206 1062 ut
1219 996 1295 1063 mibi
1303 996 1382 1064 nibil

278 1108 366 1177 aliud
380 1109 554 1201 faciendum
572 1111 669 1201 foret,
686 1116 781 1200 quam
799 1110 932 1197 ipsorum
949 1109 1164 1188 articulorum,
1181 1135 1260 1198 quae
1267 1111 1304 1176 de
1314 1112 1383 1179 Re—

278 1222 336 1315 gia
349 1232 495 1312 potestate
514 1234 673 1307 carerent,
693 1226 777 1315 apud
796 1225 862 1292 illos
883 1224 1015 1292 rationes
1033 1223 1230 1315 perquirere,
1252 1249 1393 1316 easque„

222 1391 229 1405 .
279 1347 370 1428 prout
395 1339 532 1427 proditas
562 1338 740 1418 invenirem,
769 1338 932 1430 diligenter
956 1339 1118 1426 explicare.
1140 1340 1175 1408 V
1170 1364 1254 1406 erum
1271 1339 1328 1407 etsi
1343 1340 1383 1407 de

276 1452 372 1523 rariis
403 1452 479 1544 legis
506 1455 745 1545 fundamentalis
770 1462 892 1522 nostrae
922 1454 993 1522 locis
1019 1459 1113 1521 multa
1135 1461 1255 1543 praesto
1281 1464 1382 1521 essent

278 1592 390 1657 opera,
414 1566 505 1636 etiam
529 1569 755 1638 dissertationes
774 1570 972 1641 Academicae
990 1570 1109 1648 sarrae,
1129 1560 1236 1658 quibus
1258 1571 1380 1660 quidem

277 1682 413 1750 omnibus
431 1705 488 1748 sua
503 1685 570 1748 laus
587 1683 729 1760 debetur,
754 1706 822 1749 mor
840 1691 940 1750 tamen
960 1682 1108 1773 comperi,
1140 1704 1253 1771 paucos
1270 1682 1380 1749 admo·

278 1792 357 1858 dum
375 1799 511 1859 auctores
537 1794 612 1861 baec
633 1793 723 1861 illane
745 1793 821 1882 jura
845 1792 960 1884 Regis,
985 1800 1075 1882 prout
1092 1818 1126 1860 eo
1143 1795 1265 1862 duceret
1283 1795 1383 1884 ipsum

277 1930 380 1974 eorum
398 1912 627 1996 argumentum,
651 1905 745 1973 obiter
764 1912 882 1973 tantum
895 1888 1254 1995 attigisse‚nullosplane
1268 1907 1377 1975 che-

277 2016 335 2108 gia
358 2022 503 2105 potestate
530 2013 696 2106 separatim
714 2024 745 2082 et
770 2016 870 2107 magis
896 2040 933 2082 ca
951 2015 1048 2105 officio
1074 2017 1239 2107 scripsisse.
1260 2025 1381 2089 Parum

278 2136 465 2223 exploratam
488 2128 584 2220 igitur
606 2127 758 2219 regionem
777 2128 950 2219 ingressus,
973 2136 1090 2196 tantam
1108 2129 1218 2196 sensim
1234 2132 1299 2221 ejus
1314 2158 1381 2198 am-

277 2248 369 2315 bitum
388 2245 530 2338 cognovi,
544 2243 595 2312 cui
610 2243 667 2310 rite
685 2244 896 2334 perlustrando
912 2241 1055 2334 exiguam
1071 2245 1226 2313 doctrinae
1245 2247 1378 2335 copiam,

279 2388 371 2452 quam
400 2362 509 2429 babere
534 2359 610 2426 mibi
632 2358 768 2426 conscius
794 2383 896 2436 eram,
920 2358 969 2427 rin
1001 2362 1140 2451 sufficere
1168 2361 1378 2430 animadverti.

279 2476 420 2547 Intellexi
445 2475 525 2543 enim
552 2474 595 2543 ad
621 2475 735 2563 justam
765 2472 856 2563 buius
878 2475 1052 2566 argumenti
1067 2476 1300 2543 elaborationem
1319 2500 1381 2544 non

279 2596 376 2661 sotum
397 2585 588 2669 contuendam
609 2608 673 2651 esse
689 2583 852 2673 diligenter
874 2582 972 2672 ipsam
993 2586 1087 2674 legem
1100 2585 1380 2674 fundamentalem,

279 2708 332 2777 sed
353 2725 471 2797 quoque
491 2699 700 2769 doctrinarum
713 2697 906 2787 politicarum
922 2720 982 2765 non
1000 2698 1117 2767 modica
1135 2725 1209 2790 opus
1228 2725 1291 2768 esse
1306 2726 1380 2792 cog-

278 2825 410 2900 nitione,
445 2844 512 2887 curn
539 2841 627 2906 saepe
658 2814 690 2882 in
718 2813 908 2883 nobilissimis
925 2813 1196 2882 controversiarum
1215 2815 1303 2895 locis,
1328 2817 1382 2885 ubi

278 2945 326 3009 lar
352 2931 590 3028 fundamentalis
614 2929 702 2998 sileat
720 2938 775 2996 aut
789 2928 880 2997 rerba
896 2927 963 3017 ejus
980 2926 1073 2994 dubia
1091 2932 1136 2997 rel
1154 2932 1280 2996 obscura
1298 2929 1378 3011 sint,

282 3052 418 3125 acturis
431 3046 555 3118 Publici
572 3045 707 3115 uniuersi
720 3043 880 3134 principiis
899 3052 928 3111 ct
948 3067 1008 3110 non
1027 3065 1098 3111 raro
1114 3069 1151 3111 er
1167 3043 1305 3111 historico
1322 3072 1379 3134 pa·

279 3170 359 3237 triae
381 3164 506 3257 proprio
527 3159 638 3247 solutio,
648 3159 824 3250 quaerenda
845 3158 894 3225 sit.

319 3288 364 3355 Et
388 3308 461 3350 sane
485 3281 522 3346 ob
550 3274 721 3367 hujusmodi
738 3275 947 3367 difficultates,
973 3275 1070 3341 serius
1092 3275 1159 3342 licet
1177 3284 1369 3365 perspectas,

273 3404 340 3493 p'am
363 3398 396 3465 in
423 3423 457 3466 co
477 3394 572 3486 fuisse
598 3391 727 3483 ingenue
754 3392 874 3481 fateor,
900 3398 934 3457 ut
954 3391 991 3457 de
1010 3390 1072 3457 alio
1090 3390 1304 3493 disputationis
1320 3416 1380 3459 ar·

274 3522 418 3613 gumento
450 3509 589 3601 eligendo
619 3506 794 3597 cogitarem.
824 3504 898 3573 Mon
930 3530 999 3574 nero
1028 3504 1085 3573 bac
1111 3507 1149 3572 de
1175 3531 1209 3574 re
1235 3508 1381 3577 sedatiori

276 3631 378 3703 animo
397 3625 588 3695 meditantem
605 3623 689 3711 ipsae
706 3620 897 3710 difficultates
912 3621 1009 3687 denuo
1024 3620 1216 3689 excitarunt:
1233 3647 1291 3713 quo
1308 3649 1379 3698 rna-

274 3745 326 3837 gis
342 3742 422 3811 enirn
442 3766 487 3807 me
505 3738 680 3829 premebant
698 3735 810 3803 laboris
831 3734 999 3815 molestiae,
1024 3760 1058 3803 eo
1083 3736 1182 3829 magis
1198 3738 1263 3828 ejus
1284 3740 1379 3831 persu-

275 3856 377 3947 cienti
399 3855 564 3945 cupiditate
581 3857 721 3945 flagrare
739 3850 840 3941 coepi,
865 3859 970 3940 etqua
990 3850 1088 3917 minus
1108 3862 1318 3943 argumentum
1338 3857 1379 3920 ab

276 3971 347 4040 aliis
376 3978 539 4039 tractatum
571 3970 720 4046 riderem,
752 3989 785 4033 eo
821 3966 926 4033 utilius
952 3966 1017 4055 ejus
1044 3964 1221 4034 elaborandi
1247 3966 1381 4033 studium

277 4085 391 4178 putari.

211 4224 219 4233 ’
320 4198 477 4288 Alacriori
495 4198 590 4289 igitur
606 4196 760 4264 scribendo
778 4199 1021 4277 manuadmota,
1038 4199 1159 4265 tandem
1180 4222 1254 4287 opus
1274 4199 1377 4265 ubsol-

276 4345 387 4390 rcram.
408 4319 470 4388 Sed
485 4338 550 4386 ecce
568 4339 634 4383 cum
653 4318 743 4384 multo
760 4317 828 4401 plus
846 4312 1003 4402 temporis,
1015 4339 1107 4404 quom
1121 4319 1375 4402 exspectaveram,
