2806 5324
664 395 737 471 ttt

193 584 309 649 Deinde
328 583 486 669 Imperium
505 604 598 648 unum
615 584 809 670 quidemesse
822 584 1029 670 probavimus,
1040 607 1148 653 verum
1163 591 1256 655 addi·

148 699 246 765 dimus
262 700 338 765 illud
357 701 456 784 plnres
474 699 584 763 habere
602 699 785 775 functiones,
803 718 881 785 quae
892 701 1052 784 separatim
1062 702 1254 771 considerari

147 823 236 900 atque
254 815 383 879 exerceri
399 823 530 900 possunt.
549 815 589 878 Et
605 834 710 878 revera
721 815 885 879 secundnm
895 814 973 899 ipsas
980 816 1060 898 leges
1067 815 1253 881 tundamen-

153 931 229 994 tales
246 930 398 994 naturales
416 928 608 993 monarchiae
626 930 762 997 diversae
780 926 947 994 functiones
957 930 1077 1016 imperii
1096 953 1117 995 a
1128 933 1253 999 diversis

148 1044 279 1130 personis
297 1054 350 1110 ant
368 1045 540 1130 corporibus
557 1044 739 1109 Monarcbae
755 1045 787 1110 in
803 1066 857 1110 suo
874 1063 999 1109 munere
1009 1092 1018 1120 ‚
1030 1047 1088 1110 etsi
1105 1047 1250 1111 subordi-

148 1161 247 1234 natis,
270 1179 457 1245 nequaquam
485 1169 585 1225 tamen
603 1161 756 1235 obnoxiis,
775 1161 943 1225 necessario
961 1161 1092 1225 exerceri
1109 1152 1250 1226 vidimus.

149 1273 249 1360 Atque
264 1294 301 1339 ea
318 1276 434 1341 ratione
451 1276 490 1339 ad
507 1274 773 1341 administrandam
787 1276 941 1343 civitatem
957 1277 1143 1356 coniunctim
1154 1278 1251 1341 multa

148 1389 447 1475 conleruutpopulus
465 1390 639 1468 universus,
658 1392 753 1456 multa
773 1390 915 1465 Nobiles.
933 1393 1029 1457 multa
1046 1392 1111 1478 ipse
1128 1394 1250 1459 Monu-

149 1503 226 1568 oha:
250 1505 326 1569 adeo
351 1513 385 1569 ut
411 1525 516 1569 revera
543 1505 575 1569 in
593 1505 769 1569 monarchia
787 1507 872 1571 velut
891 1506 1078 1571 aristocratia
1096 1510 1250 1592 quaedam

149 1626 179 1682 et
196 1619 379 1685 democratia
398 1629 428 1683 et
447 1619 621 1684 monarchia
639 1620 728 1684 simul
748 1622 852 1686 adesse
863 1620 1011 1690 videatur.
1032 1622 1130 1707 idque
1141 1624 1251 1689 iterum

148 1734 186 1799 de
210 1736 334 1819 antiqua
359 1735 505 1800 Franciae
534 1735 711 1799 monarchia
739 1738 936 1802 observarunt
963 1747 1078 1806 veteres
1099 1749 1250 1805 auctores

149 1849 253 1914 «Bien
281 1861 341 1933 qne
368 1850 398 1913 la
423 1848 539 1915 Franco
566 1850 623 1914 soit
651 1870 710 1914 une
734 1851 927 1926 monarchis,
953 1853 979 1916 si
1000 1863 1096 1918 est-ce
1113 1874 1176 1938 qne
1197 1875 1250 1939 par

150 1964 368 2029 ›rl'iustitution
396 1964 487 2027 d'une
512 1963 625 2028 infinite
647 1964 684 2029 de
705 1964 799 2031 belles
818 1965 922 2030 choses
942 1965 1120 2051 polibqnes,
1149 1969 1202 2053 qui
1221 1970 1250 2033 la

150 2081 302 2144 »rendent
328 2080 511 2154 florissante‚
541 2081 562 2143 il
591 2080 703 2144 semble
730 2081 841 2164 qu’elle
867 2080 924 2145 soit
945 2088 1101 2167 composee
1121 2085 1160 2150 de
1178 2086 1251 2151 trois

150 2195 280 2279 »laqons
297 2195 334 2258 de
352 2203 602 2278 gouvernement;
626 2197 698 2259 c’est
717 2198 735 2259 d
756 2195 855 2262 savoir
877 2195 915 2259 de
933 2197 963 2258 la
981 2198 1174 2275 monarobie,
1199 2199 1251 2284 qui

150 2320 220 2375 »est
239 2311 329 2381 d’un;
358 2308 396 2371 de
414 2307 639 2384 l'aristocratie‚
670 2311 722 2394 qui
741 2320 786 2375 est
803 2311 831 2375 le
851 2322 1084 2393 gouvernement
1103 2313 1158 2377 des
1170 2332 1251 2399 'per-

151 2443 320 2506 »sonnages
348 2444 453 2506 graves
482 2435 512 2489 et
538 2442 623 2508 seges
641 2425 750 2492 choisis
767 2436 797 2491 et
816 2446 903 2511 requs
919 2446 977 2490 aur
992 2427 1179 2493 maniement
1198 2430 1254 2494 des

150 2537 312 2612 ›ratlaires3
340 2549 371 2602 et
399 2539 436 2603 de
456 2541 486 2604 la
505 2540 706 2616 demortuis,
736 2541 923 2606 dest-adire
951 2541 992 2605 du
1012 2553 1252 2624 gouvernemeat

149 2655 384 2740 ›rpopulaire....
408 2653 484 2719 lllais
504 2677 578 2720 nous
596 2645 636 2719 ne
651 2657 750 2721 disons
767 2656 849 2742 point
866 2676 927 2740 que
944 2656 975 2719 la
999 2655 1115 2721 France
1131 2654 1192 2723 'soit
1209 2683 1256 2725 un.

150 2771 238 2836 »etat
265 2771 397 2859 rompose'
423 2772 461 2834 de
488 2771 560 2835 trois
590 2770 694 2854 sapone
713 2771 752 2834 de
770 2782 1020 2854 gouvernement‚
1048 2769 1083 2835 rri
1099 2769 1194 2838 divise
1213 2797 1253 2838 err

151 2884 268 2959 uncis,
297 2907 335 2951 en
352 2887 507 2972 puissance
527 2888 648 2951 absolue
667 2895 696 2950 et
714 2887 819 2969 egale‚
839 2886 957 2955 chacun
974 2896 1064 2968 ayant
1082 2888 1252 2960 lanienae,

149 3000 250 3066 »mais
276 3022 350 3065 nous
375 3001 474 3065 disons
497 3003 662 3066 sentement
686 3001 763 3089 qu'r'i
778 3002 884 3067 semble
901 2999 976 3089 qu’r'l
994 3003 1021 3065 le
1038 2998 1116 3075 soit,
1145 3024 1188 3066 vu
1208 3003 1257 3068 les

44 3154 47 3161 ·
151 3119 320 3182 »autorites
347 3117 399 3180 des
416 3118 490 3182 trois
512 3122 606 3192 etate,
636 3127 702 3182 tous
722 3117 864 3182 toutefois
877 3117 988 3187 soumis
1006 3119 1025 3181 b
1043 3116 1072 3180 la
1089 3116 1254 3201 puissanoe

128 3235 215 3298 'ndu
243 3234 421 3306 souverain,
451 3233 504 3318 qui
533 3241 578 3297 est
600 3233 628 3296 le
649 3232 727 3305 troi,
750 3233 788 3296 de
805 3233 936 3318 laquelle
955 3233 992 3297 ils
1010 3233 1101 3297 tinent
1118 3233 1149 3297 la
1165 3234 1251 3308 leur,

148 3374 164 3412 »
175 3369 290 3413 comme
305 3371 379 3412 nous
395 3349 488 3413 tirons
507 3349 549 3413 du
568 3349 652 3413 soleil
670 3349 701 3412 la
719 3348 831 3422 clerte,
865 3369 924 3434 qne
942 3371 1016 3412 nous
1036 3370 1164 3431 voyons;
1186 3358 1217 3414 et
1229 3351 1255 3415 il

148 3484 192 3543 »y
218 3484 236 3527 a
265 3463 334 3528 bien
355 3464 468 3546 grande
489 3461 651 3527 diderence
670 3472 754 3527 entre
771 3463 901 3527 semhler
917 3473 947 3527 et
966 3462 1082 3528 dtre....·
1097 3473 1167 3527 caet
1186 3464 1251 3550 (l).

146 3577 210 3641 lrno
225 3578 306 3662 quod
326 3579 490 3643 notandum
508 3579 571 3658 jam
589 3579 659 3643 olim
678 3578 782 3664 priscis
801 3577 985 3663 temporibus
1003 3577 1057 3662 ipsi
1076 3577 1179 3661 Reges
1195 3600 1254 3662 ag·

146 3702 293 3761 noverunt
321 3692 482 3780 Imperium
509 3715 545 3758 eo
569 3715 657 3759 sensu
679 3714 742 3759 esse
765 3694 905 3759 divisum.
935 3693 985 3757 sic
1011 3693 1043 3756 in
1070 3694 1256 3780 capitulario

144 3809 275 3893 quodam
302 3831 447 3873 nonovrcr
467 3806 522 3873 Pii
550 3807 619 3872 anni
646 3809 708 3875 823
738 3809 856 3873 disertis
885 3808 984 3875 verbis
1010 3810 1136 3891 legitur:
1160 3810 1252 3874 «Sed

146 3926 315 4010 »qnoniam
347 3925 525 4010 complacuit
557 3925 676 3990 divinae
707 3925 920 3989 Providentiae
939 3935 1071 3989 nostram
1088 3923 1253 3988 mediocri·

145 4050 262 4105 »tatem
290 4043 327 4105 ad
353 4043 410 4106 hoc
438 4042 635 4115 constituere,
665 4052 699 4105 ut
720 4041 802 4122 regni
822 4040 913 4118 hujus
934 4061 1037 4104 curam
1056 4059 1250 4121 gereremus,

144 4159 208 4220 »ad
235 4159 289 4221 hoc
316 4167 430 4220 certare
450 4167 479 4221 et
506 4179 558 4220 nos
583 4167 613 4220 et
640 4157 713 4220 filios
741 4166 770 4219 et
790 4157 884 4220 socios
904 4154 1019 4218 cunctis
1039 4154 1145 4218 diebus
1166 4155 1252 4219 vitae

142 4281 285 4334 »nostrae
301 4283 453 4358 optamus,
475 4282 508 4336 ut
526 4293 583 4356 pan
602 4283 629 4335 et
648 4271 761 4349 justitia
780 4271 811 4335 in
830 4270 910 4334 omni
931 4270 1126 4352 generalitate
1145 4273 1252 4356 populi

172 4413 212 4478 (l)
232 4411 398 4474 Desertum,
416 4415 556 4464 monarchis
573 4411 698 4478 [conpater
716 4420 769 4478 part
786 4413 808 4464 l.
828 4412 868 4466 olr.
889 4415 924 4463 ll.

7 4766 142 5016 'w
