<?xml version="1.0" encoding="UTF-8"?>
<!DOCTYPE html PUBLIC "-//W3C//DTD XHTML 1.0 Transitional//EN"
    "http://www.w3.org/TR/xhtml1/DTD/xhtml1-transitional.dtd">
<html xmlns="http://www.w3.org/1999/xhtml" xml:lang="en" lang="en">
 <head>
  <title>
</title>
<meta http-equiv="Content-Type" content="text/html;charset=utf-8" />
  <meta name='ocr-system' content='tesseract 3.04.00' />
  <meta name='ocr-capabilities' content='ocr_page ocr_carea ocr_par ocr_line ocrx_word'/>
</head>
<body>
  <div class='ocr_page' id='page_1' title='image "./disquisitiophil00borrgoog_0069.png"; bbox 0 0 2806 5324; ppageno 0'>
   <div class='ocr_carea' id='block_1_1' title="bbox 687 407 740 486">
    <p class='ocr_par' dir='ltr' id='par_1_1' title="bbox 687 407 740 486">
     <span class='ocr_line' id='line_1_1' title="bbox 687 407 740 486; baseline -0.038 0"><span class='ocrx_word' id='word_1_1' title='bbox 687 407 740 486; x_wconf 78' lang='lat'><strong>54</strong></span> 
     </span>
    </p>
   </div>
   <div class='ocr_carea' id='block_1_2' title="bbox 68 597 1267 4457">
    <p class='ocr_par' dir='ltr' id='par_1_2' title="bbox 77 597 1267 2403">
     <span class='ocr_line' id='line_1_2' title="bbox 204 597 1267 682; baseline 0.001 -20"><span class='ocrx_word' id='word_1_2' title='bbox 204 599 273 665; x_wconf 90' lang='lat' dir='ltr'><strong>Jatn</strong></span> <span class='ocrx_word' id='word_1_3' title='bbox 289 600 398 667; x_wconf 86' lang='lat' dir='ltr'><strong>verosi</strong></span> <span class='ocrx_word' id='word_1_4' title='bbox 416 598 542 664; x_wconf 86' lang='lat' dir='ltr'><strong>sormam</strong></span> <span class='ocrx_word' id='word_1_5' title='bbox 552 597 772 664; x_wconf 89' lang='lat' dir='ltr'><strong>consideremus</strong></span> <span class='ocrx_word' id='word_1_6' title='bbox 780 599 842 666; x_wconf 92' lang='lat' dir='ltr'><strong>sive</strong></span> <span class='ocrx_word' id='word_1_7' title='bbox 851 599 988 673; x_wconf 89' lang='lat' dir='ltr'><strong>modum,</strong></span> <span class='ocrx_word' id='word_1_8' title='bbox 1009 617 1068 682; x_wconf 90' lang='lat' dir='ltr'><strong>quo</strong></span> <span class='ocrx_word' id='word_1_9' title='bbox 1078 617 1141 661; x_wconf 88' lang='lat' dir='ltr'><strong>sese</strong></span> <span class='ocrx_word' id='word_1_10' title='bbox 1150 601 1267 663; x_wconf 75' lang='lat' dir='ltr'><strong>exserit</strong></span> 
     </span>
     <span class='ocr_line' id='line_1_3' title="bbox 162 709 1265 800; baseline -0.001 -23"><span class='ocrx_word' id='word_1_11' title='bbox 162 709 339 800; x_wconf 88' lang='lat' dir='ltr'><strong>imperium,</strong></span> <span class='ocrx_word' id='word_1_12' title='bbox 371 713 519 796; x_wconf 87' lang='lat' dir='ltr'><strong>duplicem</strong></span> <span class='ocrx_word' id='word_1_13' title='bbox 546 734 615 777; x_wconf 91' lang='lat' dir='ltr'><strong>eum</strong></span> <span class='ocrx_word' id='word_1_14' title='bbox 641 734 704 777; x_wconf 91' lang='lat' dir='ltr'><strong>esse</strong></span> <span class='ocrx_word' id='word_1_15' title='bbox 732 713 991 797; x_wconf 81' lang='lat' dir='ltr'><strong>deprehendimus.</strong></span> <span class='ocrx_word' id='word_1_16' title='bbox 1015 712 1134 782; x_wconf 80' lang='lat' dir='ltr'><strong>Etenim</strong></span> <span class='ocrx_word' id='word_1_17' title='bbox 1159 721 1214 776; x_wconf 93' lang='lat' dir='ltr'><strong>aut</strong></span> <span class='ocrx_word' id='word_1_18' title='bbox 1242 737 1265 776; x_wconf 94' lang='lat' dir='ltr'><strong>a</strong></span> 
     </span>
     <span class='ocr_line' id='line_1_4' title="bbox 166 803 1266 916; baseline 0.003 -29"><span class='ocrx_word' id='word_1_19' title='bbox 166 824 278 912; x_wconf 80' lang='lat' dir='ltr'><em>priori,</em></span> <span class='ocrx_word' id='word_1_20' title='bbox 298 837 333 891; x_wconf 90' lang='lat' dir='ltr'><strong>ut</strong></span> <span class='ocrx_word' id='word_1_21' title='bbox 352 803 472 902; x_wconf 80' lang='lat' dir='ltr'><strong>dieunt,</strong></span> <span class='ocrx_word' id='word_1_22' title='bbox 491 825 649 916; x_wconf 79' lang='lat' dir='ltr'><strong>generales</strong></span> <span class='ocrx_word' id='word_1_23' title='bbox 671 849 688 891; x_wconf 92' lang='lat' dir='ltr'><strong>a</strong></span> <span class='ocrx_word' id='word_1_24' title='bbox 708 828 831 892; x_wconf 89' lang='lat' dir='ltr'><strong>Summo</strong></span> <span class='ocrx_word' id='word_1_25' title='bbox 852 828 1021 912; x_wconf 87' lang='lat' dir='ltr'><strong>imperante</strong></span> <span class='ocrx_word' id='word_1_26' title='bbox 1041 828 1266 891; x_wconf 89' lang='lat' dir='ltr'><strong>constituuntur</strong></span> 
     </span>
     <span class='ocr_line' id='line_1_5' title="bbox 153 926 1265 1029; baseline -0.004 -24"><span class='ocrx_word' id='word_1_27' title='bbox 153 926 305 1022; x_wconf 82' lang='lat' dir='ltr'><strong>¹regulae,</strong></span> <span class='ocrx_word' id='word_1_28' title='bbox 342 951 393 1006; x_wconf 84' lang='lat' dir='ltr'><strong>aut</strong></span> <span class='ocrx_word' id='word_1_29' title='bbox 421 967 442 1007; x_wconf 92' lang='lat' dir='ltr'><strong>a</strong></span> <span class='ocrx_word' id='word_1_30' title='bbox 470 939 627 1029; x_wconf 82' lang='lat' dir='ltr'><em>posteriori</em></span> <span class='ocrx_word' id='word_1_31' title='bbox 654 944 685 1007; x_wconf 90' lang='lat' dir='ltr'><strong>in</strong></span> <span class='ocrx_word' id='word_1_32' title='bbox 710 943 809 1008; x_wconf 82' lang='lat' dir='ltr'><strong>causis</strong></span> <span class='ocrx_word' id='word_1_33' title='bbox 837 941 1064 1008; x_wconf 69' lang='lat' dir='ltr'><strong>obvenientibus</strong></span> <span class='ocrx_word' id='word_1_34' title='bbox 1092 936 1265 1025; x_wconf 76' lang='lat' dir='ltr'><strong>specialiter</strong></span> 
     </span>
     <span class='ocr_line' id='line_1_6' title="bbox 165 1054 1264 1148; baseline 0.002 -30"><span class='ocrx_word' id='word_1_35' title='bbox 165 1056 358 1142; x_wconf 89' lang='lat' dir='ltr'><strong>praecipitur,</strong></span> <span class='ocrx_word' id='word_1_36' title='bbox 375 1055 446 1143; x_wconf 90' lang='lat' dir='ltr'><strong>quid</strong></span> <span class='ocrx_word' id='word_1_37' title='bbox 468 1058 624 1121; x_wconf 87' lang='lat' dir='ltr'><strong>consilium</strong></span> <span class='ocrx_word' id='word_1_38' title='bbox 644 1059 773 1122; x_wconf 84' lang='lat' dir='ltr'><strong>civitatis</strong></span> <span class='ocrx_word' id='word_1_39' title='bbox 790 1057 932 1148; x_wconf 87' lang='lat' dir='ltr'><strong>requirat.</strong></span> <span class='ocrx_word' id='word_1_40' title='bbox 952 1055 1063 1118; x_wconf 88' lang='lat' dir='ltr'><strong>Omnes</strong></span> <span class='ocrx_word' id='word_1_41' title='bbox 1076 1063 1176 1118; x_wconf 83' lang='lat' dir='ltr'><strong>autem</strong></span> <span class='ocrx_word' id='word_1_42' title='bbox 1188 1054 1264 1120; x_wconf 88' lang='lat' dir='ltr'><strong>illae</strong></span> 
     </span>
     <span class='ocr_line' id='line_1_7' title="bbox 164 1167 1264 1256; baseline -0.001 -23"><span class='ocrx_word' id='word_1_43' title='bbox 164 1191 286 1235; x_wconf 90' lang='lat' dir='ltr'><strong>normae</strong></span> <span class='ocrx_word' id='word_1_44' title='bbox 310 1171 373 1238; x_wconf 87' lang='lat' dir='ltr'><strong>sive</strong></span> <span class='ocrx_word' id='word_1_45' title='bbox 401 1172 521 1254; x_wconf 87' lang='lat' dir='ltr'><strong>regulae</strong></span> <span class='ocrx_word' id='word_1_46' title='bbox 549 1173 720 1254; x_wconf 83' lang='lat' dir='ltr'><strong>generales,</strong></span> <span class='ocrx_word' id='word_1_47' title='bbox 737 1171 844 1256; x_wconf 92' lang='lat' dir='ltr'><strong>quibus</strong></span> <span class='ocrx_word' id='word_1_48' title='bbox 861 1179 949 1234; x_wconf 88' lang='lat' dir='ltr'><strong>antea</strong></span> <span class='ocrx_word' id='word_1_49' title='bbox 969 1169 1166 1255; x_wconf 89' lang='lat' dir='ltr'><strong>praecipitur,</strong></span> <span class='ocrx_word' id='word_1_50' title='bbox 1181 1167 1264 1253; x_wconf 78' lang='lat' dir='ltr'><strong>&#39;quid</strong></span> 
     </span>
     <span class='ocr_line' id='line_1_8' title="bbox 165 1281 1264 1370; baseline 0.001 -25"><span class='ocrx_word' id='word_1_51' title='bbox 165 1281 196 1345; x_wconf 93' lang='lat' dir='ltr'><strong>in</strong></span> <span class='ocrx_word' id='word_1_52' title='bbox 213 1292 294 1347; x_wconf 87' lang='lat' dir='ltr'><strong>certo</strong></span> <span class='ocrx_word' id='word_1_53' title='bbox 308 1286 436 1370; x_wconf 90' lang='lat' dir='ltr'><strong>quodam</strong></span> <span class='ocrx_word' id='word_1_54' title='bbox 455 1306 613 1349; x_wconf 89' lang='lat' dir='ltr'><strong>causarum</strong></span> <span class='ocrx_word' id='word_1_55' title='bbox 635 1304 743 1368; x_wconf 83' lang='lat' dir='ltr'><strong>genere</strong></span> <span class='ocrx_word' id='word_1_56' title='bbox 762 1284 824 1348; x_wconf 87' lang='lat' dir='ltr'><strong>fieri</strong></span> <span class='ocrx_word' id='word_1_57' title='bbox 842 1283 968 1359; x_wconf 89' lang='lat' dir='ltr'><strong>debeat,</strong></span> <span class='ocrx_word' id='word_1_58' title='bbox 990 1283 1151 1369; x_wconf 86' lang='lat' dir='ltr'><strong>siquando</strong></span> <span class='ocrx_word' id='word_1_59' title='bbox 1169 1291 1206 1365; x_wconf 81' lang='lat' dir='ltr'><strong>eri</strong></span> <span class='ocrx_word' id='word_1_60' title='bbox 1225 1302 1264 1347; x_wconf 92' lang='lat' dir='ltr'><strong>eo</strong></span> 
     </span>
     <span class='ocr_line' id='line_1_9' title="bbox 162 1394 1262 1485; baseline 0.005 -27"><span class='ocrx_word' id='word_1_61' title='bbox 162 1394 269 1477; x_wconf 81' lang='lat' dir='ltr'><strong>genere</strong></span> <span class='ocrx_word' id='word_1_62' title='bbox 288 1419 377 1462; x_wconf 89' lang='lat' dir='ltr'><strong>causa</strong></span> <span class='ocrx_word' id='word_1_63' title='bbox 396 1410 544 1482; x_wconf 89' lang='lat' dir='ltr'><strong>emergat,</strong></span> <span class='ocrx_word' id='word_1_64' title='bbox 565 1421 626 1464; x_wconf 93' lang='lat' dir='ltr'><strong>uno</strong></span> <span class='ocrx_word' id='word_1_65' title='bbox 641 1399 759 1463; x_wconf 92' lang='lat' dir='ltr'><strong>nomine</strong></span> <span class='ocrx_word' id='word_1_66' title='bbox 778 1400 877 1485; x_wconf 84' lang='lat' dir='ltr'><strong>legum</strong></span> <span class='ocrx_word' id='word_1_67' title='bbox 894 1400 1035 1473; x_wconf 89' lang='lat' dir='ltr'><strong>veniunt,</strong></span> <span class='ocrx_word' id='word_1_68' title='bbox 1054 1408 1084 1463; x_wconf 88' lang='lat' dir='ltr'><strong>ct</strong></span> <span class='ocrx_word' id='word_1_69' title='bbox 1101 1401 1262 1464; x_wconf 89' lang='lat' dir='ltr'><strong>Summum</strong></span> 
     </span>
     <span class='ocr_line' id='line_1_10' title="bbox 163 1490 1265 1603; baseline 0.005 -31"><span class='ocrx_word' id='word_1_70' title='bbox 163 1507 340 1594; x_wconf 83' lang='lat' dir='ltr'><strong>Imperium,</strong></span> <span class='ocrx_word' id='word_1_71' title='bbox 371 1514 424 1577; x_wconf 94' lang='lat' dir='ltr'><strong>ubi</strong></span> <span class='ocrx_word' id='word_1_72' title='bbox 443 1515 523 1578; x_wconf 91' lang='lat' dir='ltr'><strong>circa</strong></span> <span class='ocrx_word' id='word_1_73' title='bbox 540 1514 710 1593; x_wconf 88' lang='lat' dir='ltr'><strong>hujusmodi</strong></span> <span class='ocrx_word' id='word_1_74' title='bbox 730 1490 854 1579; x_wconf 76' lang='lat' dir='ltr'><strong>normas</strong></span> <span class='ocrx_word' id='word_1_75' title='bbox 864 1513 1018 1595; x_wconf 88' lang='lat' dir='ltr'><strong>generales</strong></span> <span class='ocrx_word' id='word_1_76' title='bbox 1036 1514 1265 1603; x_wconf 82' lang='lat' dir='ltr'><strong>constituendas</strong></span> 
     </span>
     <span class='ocr_line' id='line_1_11' title="bbox 163 1606 1262 1718; baseline 0.006 -31"><span class='ocrx_word' id='word_1_77' title='bbox 163 1636 349 1710; x_wconf 82' lang='lat' dir='ltr'><strong>occupatur,</strong></span> <span class='ocrx_word' id='word_1_78' title='bbox 371 1633 515 1712; x_wconf 79' lang='lat' dir='ltr'><strong>potestate</strong></span> <span class='ocrx_word' id='word_1_79' title='bbox 540 1625 709 1716; x_wconf 80' lang='lat' dir='ltr'><strong>legistatira</strong></span> <span class='ocrx_word' id='word_1_80' title='bbox 734 1628 879 1718; x_wconf 83' lang='lat' dir='ltr'><strong>iungitur.</strong></span> <span class='ocrx_word' id='word_1_81' title='bbox 913 1626 972 1692; x_wconf 93' lang='lat' dir='ltr'><strong>Ubi</strong></span> <span class='ocrx_word' id='word_1_82' title='bbox 993 1648 1062 1697; x_wconf 88' lang='lat' dir='ltr'><strong>vero</strong></span> <span class='ocrx_word' id='word_1_83' title='bbox 1083 1628 1113 1691; x_wconf 95' lang='lat' dir='ltr'><strong>in</strong></span> <span class='ocrx_word' id='word_1_84' title='bbox 1134 1606 1262 1717; x_wconf 85' lang='lat' dir='ltr'><strong>singulis</strong></span> 
     </span>
     <span class='ocr_line' id='line_1_12' title="bbox 163 1740 1263 1828; baseline 0.006 -27"><span class='ocrx_word' id='word_1_85' title='bbox 163 1740 261 1803; x_wconf 90' lang='lat' dir='ltr'><strong>causis</strong></span> <span class='ocrx_word' id='word_1_86' title='bbox 287 1741 387 1807; x_wconf 90' lang='lat' dir='ltr'><strong>obviis</strong></span> <span class='ocrx_word' id='word_1_87' title='bbox 406 1743 486 1822; x_wconf 86' lang='lat' dir='ltr'><strong>leges</strong></span> <span class='ocrx_word' id='word_1_88' title='bbox 512 1743 579 1806; x_wconf 85' lang='lat' dir='ltr'><strong>illas</strong></span> <span class='ocrx_word' id='word_1_89' title='bbox 606 1745 644 1807; x_wconf 90' lang='lat' dir='ltr'><strong>ad</strong></span> <span class='ocrx_word' id='word_1_90' title='bbox 672 1765 777 1808; x_wconf 87' lang='lat' dir='ltr'><strong>causas</strong></span> <span class='ocrx_word' id='word_1_91' title='bbox 797 1742 960 1828; x_wconf 91' lang='lat' dir='ltr'><strong>propositas</strong></span> <span class='ocrx_word' id='word_1_92' title='bbox 979 1742 1124 1828; x_wconf 88' lang='lat' dir='ltr'><strong>applicat,</strong></span> <span class='ocrx_word' id='word_1_93' title='bbox 1148 1752 1203 1806; x_wconf 90' lang='lat' dir='ltr'><strong>aut</strong></span> <span class='ocrx_word' id='word_1_94' title='bbox 1220 1744 1263 1808; x_wconf 91' lang='lat' dir='ltr'><strong>ab</strong></span> 
     </span>
     <span class='ocr_line' id='line_1_13' title="bbox 162 1838 1259 1943; baseline 0.005 -28"><span class='ocrx_word' id='word_1_95' title='bbox 162 1852 336 1918; x_wconf 89' lang='lat' dir='ltr'><strong>officialibus</strong></span> <span class='ocrx_word' id='word_1_96' title='bbox 362 1856 504 1940; x_wconf 88' lang='lat' dir='ltr'><strong>applicari</strong></span> <span class='ocrx_word' id='word_1_97' title='bbox 527 1867 634 1934; x_wconf 87' lang='lat' dir='ltr'><strong>curat,</strong></span> <span class='ocrx_word' id='word_1_98' title='bbox 662 1867 752 1943; x_wconf 85' lang='lat' dir='ltr'><strong>atque</strong></span> <span class='ocrx_word' id='word_1_99' title='bbox 773 1877 808 1920; x_wconf 80' lang='lat' dir='ltr'><strong>ex</strong></span> <span class='ocrx_word' id='word_1_100' title='bbox 828 1856 975 1941; x_wconf 73' lang='lat' dir='ltr'><strong>postfacto</strong></span> <span class='ocrx_word' id='word_1_101' title='bbox 995 1856 1164 1921; x_wconf 89' lang='lat' dir='ltr'><strong>declaratur</strong></span> <span class='ocrx_word' id='word_1_102' title='bbox 1183 1838 1259 1940; x_wconf 84' lang='lat' dir='ltr'><strong>quid</strong></span> 
     </span>
     <span class='ocr_line' id='line_1_14' title="bbox 160 1967 1258 2056; baseline 0.005 -27"><span class='ocrx_word' id='word_1_103' title='bbox 160 1969 323 2050; x_wconf 87' lang='lat' dir='ltr'><strong>secundum</strong></span> <span class='ocrx_word' id='word_1_104' title='bbox 341 1971 420 2051; x_wconf 87' lang='lat' dir='ltr'><strong>leges</strong></span> <span class='ocrx_word' id='word_1_105' title='bbox 438 1969 499 2034; x_wconf 89' lang='lat' dir='ltr'><strong>fieri</strong></span> <span class='ocrx_word' id='word_1_106' title='bbox 519 1971 641 2043; x_wconf 84' lang='lat' dir='ltr'><strong>debeat,</strong></span> <span class='ocrx_word' id='word_1_107' title='bbox 658 1971 815 2035; x_wconf 90' lang='lat' dir='ltr'><strong>Summum</strong></span> <span class='ocrx_word' id='word_1_108' title='bbox 832 1972 990 2056; x_wconf 86' lang='lat' dir='ltr'><strong>lmperiu&#39;m</strong></span> <span class='ocrx_word' id='word_1_109' title='bbox 1005 1994 1043 2056; x_wconf 92' lang='lat' dir='ltr'><strong>po</strong></span> <span class='ocrx_word' id='word_1_110' title='bbox 1044 1967 1187 2034; x_wconf 86' lang='lat' dir='ltr'><strong>testatem</strong></span> <span class='ocrx_word' id='word_1_111' title='bbox 1189 1993 1258 2034; x_wconf 83' lang='lat' dir='ltr'><strong>ere-</strong></span> 
     </span>
     <span class='ocr_line' id='line_1_15' title="bbox 77 2060 1257 2171; baseline 0.005 -27"><span class='ocrx_word' id='word_1_112' title='bbox 77 2089 79 2092; x_wconf 52' lang='lat'><em>⁴</em></span> <span class='ocrx_word' id='word_1_113' title='bbox 159 2060 287 2146; x_wconf 84' lang='lat' dir='ltr'><strong>catinam</strong></span> <span class='ocrx_word' id='word_1_114' title='bbox 311 2103 448 2149; x_wconf 84' lang='lat' dir='ltr'><strong>exercere</strong></span> <span class='ocrx_word' id='word_1_115' title='bbox 477 2084 604 2160; x_wconf 91' lang='lat' dir='ltr'><strong>dicitur,</strong></span> <span class='ocrx_word' id='word_1_116' title='bbox 627 2071 721 2171; x_wconf 85' lang='lat' dir='ltr'><strong>eaque</strong></span> <span class='ocrx_word' id='word_1_117' title='bbox 739 2087 816 2150; x_wconf 89' lang='lat' dir='ltr'><strong>adeo</strong></span> <span class='ocrx_word' id='word_1_118' title='bbox 834 2085 979 2170; x_wconf 86' lang='lat' dir='ltr'><strong>Imperii</strong></span> <span class='ocrx_word' id='word_1_119' title='bbox 970 2107 1019 2165; x_wconf 77' lang='lat' dir='ltr'><strong>pus</strong></span> <span class='ocrx_word' id='word_1_120' title='bbox 1038 2095 1098 2160; x_wconf 90' lang='lat' dir='ltr'><strong>est,</strong></span> <span class='ocrx_word' id='word_1_121' title='bbox 1120 2108 1179 2170; x_wconf 92' lang='lat' dir='ltr'><strong>quo</strong></span> <span class='ocrx_word' id='word_1_122' title='bbox 1194 2085 1257 2150; x_wconf 92' lang='lat' dir='ltr'><strong>sin·</strong></span> 
     </span>
     <span class='ocr_line' id='line_1_16' title="bbox 159 2192 1257 2291; baseline 0.005 -33"><span class='ocrx_word' id='word_1_123' title='bbox 159 2196 262 2278; x_wconf 88' lang='lat' dir='ltr'><strong>gulis</strong></span> <span class='ocrx_word' id='word_1_124' title='bbox 253 2219 284 2260; x_wconf 91' lang='grc' dir='ltr'><strong>ιιι</strong></span> <span class='ocrx_word' id='word_1_125' title='bbox 303 2199 400 2262; x_wconf 90' lang='lat' dir='ltr'><strong>causis</strong></span> <span class='ocrx_word' id='word_1_126' title='bbox 416 2192 581 2263; x_wconf 90' lang='lat' dir='ltr'><strong>definitur&#39;</strong></span> <span class='ocrx_word' id='word_1_127' title='bbox 573 2223 603 2263; x_wconf 88' lang='lat' dir='ltr'><strong>ru</strong></span> <span class='ocrx_word' id='word_1_128' title='bbox 625 2201 789 2284; x_wconf 81' lang='lat' dir='ltr'><strong>praesenti,</strong></span> <span class='ocrx_word' id='word_1_129' title='bbox 809 2199 879 2285; x_wconf 91' lang='lat' dir='ltr'><strong>qnid</strong></span> <span class='ocrx_word' id='word_1_130' title='bbox 899 2201 938 2291; x_wconf 84' lang='lat' dir='ltr'><strong>ad</strong></span> <span class='ocrx_word' id='word_1_131' title='bbox 955 2200 1083 2266; x_wconf 89' lang='lat' dir='ltr'><strong>civitatis</strong></span> <span class='ocrx_word' id='word_1_132' title='bbox 1096 2200 1257 2264; x_wconf 89' lang='lat' dir='ltr'><strong>consilium</strong></span> 
     </span>
     <span class='ocr_line' id='line_1_17' title="bbox 160 2313 669 2403; baseline 0.008 -30"><span class='ocrx_word' id='word_1_133' title='bbox 160 2314 375 2398; x_wconf 87' lang='lat' dir='ltr'><strong>assequendum</strong></span> <span class='ocrx_word' id='word_1_134' title='bbox 398 2313 460 2378; x_wconf 89' lang='lat' dir='ltr'><strong>lieri</strong></span> <span class='ocrx_word' id='word_1_135' title='bbox 482 2314 630 2403; x_wconf 84' lang='lat' dir='ltr'><strong>oporteat.</strong></span> <span class='ocrx_word' id='word_1_136' title='bbox 658 2318 669 2343; x_wconf 80' lang='lat'>⁸</span> 
     </span>
    </p>

    <p class='ocr_par' dir='ltr' id='par_1_3' title="bbox 68 2424 1264 4457">
     <span class='ocr_line' id='line_1_18' title="bbox 199 2424 1255 2513; baseline 0.004 -25"><span class='ocrx_word' id='word_1_137' title='bbox 199 2424 300 2513; x_wconf 85' lang='lat' dir='ltr'><strong>Atque</strong></span> <span class='ocrx_word' id='word_1_138' title='bbox 327 2447 364 2491; x_wconf 89' lang='lat' dir='ltr'><strong>ea</strong></span> <span class='ocrx_word' id='word_1_139' title='bbox 389 2427 558 2503; x_wconf 88' lang='lat' dir='ltr'><strong>distinctio,</strong></span> <span class='ocrx_word' id='word_1_140' title='bbox 582 2429 607 2492; x_wconf 95' lang='lat' dir='ltr'><strong>si</strong></span> <span class='ocrx_word' id='word_1_141' title='bbox 626 2428 702 2492; x_wconf 91' lang='lat' dir='ltr'><strong>bene</strong></span> <span class='ocrx_word' id='word_1_142' title='bbox 723 2424 914 2512; x_wconf 90' lang='lat' dir='ltr'><strong>inspiciatur,</strong></span> <span class='ocrx_word' id='word_1_143' title='bbox 937 2427 1037 2491; x_wconf 88' lang='lat' dir='ltr'><strong>omnia</strong></span> <span class='ocrx_word' id='word_1_144' title='bbox 1055 2426 1170 2490; x_wconf 89' lang='lat' dir='ltr'><strong>Summi</strong></span> <span class='ocrx_word' id='word_1_145' title='bbox 1189 2427 1255 2492; x_wconf 90' lang='lat' dir='ltr'><strong>lm-</strong></span> 
     </span>
     <span class='ocr_line' id='line_1_19' title="bbox 155 2526 1256 2628; baseline 0.001 -24"><span class='ocrx_word' id='word_1_146' title='bbox 155 2540 229 2624; x_wconf 88' lang='lat' dir='ltr'><strong>perii</strong></span> <span class='ocrx_word' id='word_1_147' title='bbox 247 2541 480 2619; x_wconf 76' lang='lat' dir='ltr'><strong>jurecontinet,</strong></span> <span class='ocrx_word' id='word_1_148' title='bbox 502 2552 590 2628; x_wconf 89' lang='lat' dir='ltr'><strong>atque</strong></span> <span class='ocrx_word' id='word_1_149' title='bbox 609 2543 676 2606; x_wconf 90' lang='lat' dir='ltr'><strong>ideo</strong></span> <span class='ocrx_word' id='word_1_150' title='bbox 695 2541 992 2608; x_wconf 71' lang='lat' dir='ltr'><strong>absolutissima&#39;est:</strong></span> <span class='ocrx_word' id='word_1_151' title='bbox 1011 2562 1071 2605; x_wconf 91' lang='lat' dir='ltr'><strong>non</strong></span> <span class='ocrx_word' id='word_1_152' title='bbox 1091 2526 1170 2603; x_wconf 86' lang='lat' dir='ltr'><strong>enirn</strong></span> <span class='ocrx_word' id='word_1_153' title='bbox 1191 2541 1256 2605; x_wconf 89' lang='lat' dir='ltr'><strong>alia</strong></span> 
     </span>
     <span class='ocr_line' id='line_1_20' title="bbox 155 2655 1257 2742; baseline 0.003 -24"><span class='ocrx_word' id='word_1_154' title='bbox 155 2655 262 2737; x_wconf 87' lang='lat' dir='ltr'><strong>a&#39;gendi</strong></span> <span class='ocrx_word' id='word_1_155' title='bbox 281 2655 377 2720; x_wconf 87' lang='lat' dir='ltr'><strong>lorma</strong></span> <span class='ocrx_word' id='word_1_156' title='bbox 390 2667 461 2722; x_wconf 72' lang='lat' dir='ltr'><strong>&#39;sese</strong></span> <span class='ocrx_word' id='word_1_157' title='bbox 476 2677 608 2721; x_wconf 84' lang='lat' dir='ltr'><strong>exserere</strong></span> <span class='ocrx_word' id='word_1_158' title='bbox 626 2666 720 2741; x_wconf 89' lang='lat' dir='ltr'><strong>potest</strong></span> <span class='ocrx_word' id='word_1_159' title='bbox 738 2656 918 2741; x_wconf 77' lang='lat' dir='ltr'><strong>Imperium,</strong></span> <span class='ocrx_word' id='word_1_160' title='bbox 931 2671 932 2674; x_wconf 73' lang='grc'>’</span> <span class='ocrx_word' id='word_1_161' title='bbox 946 2677 1036 2742; x_wconf 89' lang='lat' dir='ltr'><strong>quam</strong></span> <span class='ocrx_word' id='word_1_162' title='bbox 1057 2665 1108 2719; x_wconf 91' lang='lat' dir='ltr'><strong>aut</strong></span> <span class='ocrx_word' id='word_1_163' title='bbox 1126 2674 1257 2736; x_wconf 30' lang='lat' dir='ltr'><strong>genera-f</strong></span> 
     </span>
     <span class='ocr_line' id='line_1_21' title="bbox 155 2748 1253 2861; baseline 0.002 -29"><span class='ocrx_word' id='word_1_164' title='bbox 155 2769 223 2833; x_wconf 91' lang='lat' dir='ltr'><strong>liter</strong></span> <span class='ocrx_word' id='word_1_165' title='bbox 243 2791 262 2834; x_wconf 91' lang='lat' dir='ltr'><strong>a</strong></span> <span class='ocrx_word' id='word_1_166' title='bbox 281 2772 371 2855; x_wconf 87' lang='lat' dir='ltr'><strong>priori</strong></span> <span class='ocrx_word' id='word_1_167' title='bbox 392 2772 472 2854; x_wconf 85' lang='lat' dir='ltr'><strong>leges</strong></span> <span class='ocrx_word' id='word_1_168' title='bbox 488 2771 734 2861; x_wconf 81' lang='lat' dir='ltr'><strong>praescribendo,</strong></span> <span class='ocrx_word' id='word_1_169' title='bbox 757 2779 810 2834; x_wconf 91' lang='lat' dir='ltr'><strong>aut</strong></span> <span class='ocrx_word' id='word_1_170' title='bbox 827 2769 996 2854; x_wconf 76' lang='lat' dir='ltr'><strong>specialiter</strong></span> <span class='ocrx_word' id='word_1_171' title='bbox 1012 2748 1190 2854; x_wconf 86' lang='lat' dir='ltr'><strong>apostericri</strong></span> <span class='ocrx_word' id='word_1_172' title='bbox 1204 2770 1253 2849; x_wconf 80' lang='lat' dir='ltr'><strong>iu-</strong></span> 
     </span>
     <span class='ocr_line' id='line_1_22' title="bbox 120 2865 1252 2971; baseline 0 -24"><span class='ocrx_word' id='word_1_173' title='bbox 120 2876 123 2882; x_wconf 67' lang='grc'><em>’</em></span> <span class='ocrx_word' id='word_1_174' title='bbox 154 2865 284 2960; x_wconf 82' lang='lat' dir='ltr'><strong>bebdo,¹</strong></span> <span class='ocrx_word' id='word_1_175' title='bbox 300 2884 371 2971; x_wconf 93' lang='lat' dir='ltr'><strong>quid</strong></span> <span class='ocrx_word' id='word_1_176' title='bbox 402 2877 569 2950; x_wconf 90' lang='lat' dir='ltr'><strong>secundum</strong></span> <span class='ocrx_word' id='word_1_177' title='bbox 593 2880 672 2967; x_wconf 79' lang='lat' dir='ltr'><strong>leges</strong></span> <span class='ocrx_word' id='word_1_178' title='bbox 691 2882 754 2948; x_wconf 84' lang='lat' dir='ltr'><strong>fieri</strong></span> <span class='ocrx_word' id='word_1_179' title='bbox 774 2883 894 2947; x_wconf 90' lang='lat' dir='ltr'><strong>debe&#39;at.</strong></span> <span class='ocrx_word' id='word_1_180' title='bbox 918 2882 1007 2961; x_wconf 89' lang='lat' dir='ltr'><strong>Quod</strong></span> <span class='ocrx_word' id='word_1_181' title='bbox 1028 2891 1062 2946; x_wconf 87' lang='lat' dir='ltr'><strong>ut</strong></span> <span class='ocrx_word' id='word_1_182' title='bbox 1078 2881 1252 2947; x_wconf 83' lang='lat' dir='ltr'><strong>meliusin-</strong></span> 
     </span>
     <span class='ocr_line' id='line_1_23' title="bbox 152 2996 1253 3083; baseline 0.001 -22"><span class='ocrx_word' id='word_1_183' title='bbox 152 2997 324 3078; x_wconf 89' lang='lat' dir='ltr'><strong>telligatnr,</strong></span> <span class='ocrx_word' id='word_1_184' title='bbox 355 2999 591 3071; x_wconf 88' lang='lat' dir='ltr'><strong>observandum,</strong></span> <span class='ocrx_word' id='word_1_185' title='bbox 621 3008 797 3083; x_wconf 82' lang='lat' dir='ltr'><strong>potestatem</strong></span> <span class='ocrx_word' id='word_1_186' title='bbox 821 2997 939 3083; x_wconf 89' lang='lat' dir='ltr'><strong>lmperii</strong></span> <span class='ocrx_word' id='word_1_187' title='bbox 961 2996 1146 3063; x_wconf 83' lang='lat' dir='ltr'><strong>executivam</strong></span> <span class='ocrx_word' id='word_1_188' title='bbox 1165 2996 1253 3078; x_wconf 83' lang='lat' dir='ltr'><strong>(lieet</strong></span> 
     </span>
     <span class='ocr_line' id='line_1_24' title="bbox 68 3103 1251 3197; baseline -0.002 -21"><span class='ocrx_word' id='word_1_189' title='bbox 68 3136 72 3141; x_wconf 89' lang='lat'><strong>·</strong></span> <span class='ocrx_word' id='word_1_190' title='bbox 152 3112 271 3176; x_wconf 90' lang='lat' dir='ltr'><strong>nominc</strong></span> <span class='ocrx_word' id='word_1_191' title='bbox 296 3112 326 3176; x_wconf 94' lang='lat' dir='ltr'><strong>in</strong></span> <span class='ocrx_word' id='word_1_192' title='bbox 352 3131 481 3176; x_wconf 88' lang='lat' dir='ltr'><strong>errorem</strong></span> <span class='ocrx_word' id='word_1_193' title='bbox 505 3113 574 3175; x_wconf 90' lang='lat' dir='ltr'><strong>duci</strong></span> <span class='ocrx_word' id='word_1_194' title='bbox 592 3111 681 3176; x_wconf 85' lang='lat' dir='ltr'><strong>laeilc</strong></span> <span class='ocrx_word' id='word_1_195' title='bbox 698 3103 854 3197; x_wconf 75' lang='lat' dir='ltr'><strong>possimus)</strong></span> <span class='ocrx_word' id='word_1_196' title='bbox 873 3110 996 3174; x_wconf 89' lang='lat' dir='ltr'><strong>minime</strong></span> <span class='ocrx_word' id='word_1_197' title='bbox 1013 3111 1251 3192; x_wconf 87' lang='lat' dir='ltr'><strong>restringendam</strong></span> 
     </span>
     <span class='ocr_line' id='line_1_25' title="bbox 152 3213 1251 3312; baseline 0 -22"><span class='ocrx_word' id='word_1_198' title='bbox 152 3246 215 3291; x_wconf 90' lang='lat' dir='ltr'><strong>esse</strong></span> <span class='ocrx_word' id='word_1_199' title='bbox 234 3213 302 3302; x_wconf 78' lang='lat' dir='ltr'><strong>ita,</strong></span> <span class='ocrx_word' id='word_1_200' title='bbox 324 3235 358 3291; x_wconf 92' lang='lat' dir='ltr'><strong>ut</strong></span> <span class='ocrx_word' id='word_1_201' title='bbox 378 3227 562 3292; x_wconf 89' lang='lat' dir='ltr'><strong>solummodo</strong></span> <span class='ocrx_word' id='word_1_202' title='bbox 582 3235 716 3292; x_wconf 87' lang='lat' dir='ltr'><strong>versetur</strong></span> <span class='ocrx_word' id='word_1_203' title='bbox 733 3227 763 3290; x_wconf 93' lang='lat' dir='ltr'><strong>in</strong></span> <span class='ocrx_word' id='word_1_204' title='bbox 782 3226 975 3312; x_wconf 81' lang='lat' dir='ltr'><strong>exsequendis</strong></span> <span class='ocrx_word' id='word_1_205' title='bbox 994 3225 1049 3298; x_wconf 91' lang='lat' dir='ltr'><strong>iis,</strong></span> <span class='ocrx_word' id='word_1_206' title='bbox 1074 3245 1152 3310; x_wconf 89' lang='lat' dir='ltr'><strong>quae</strong></span> <span class='ocrx_word' id='word_1_207' title='bbox 1169 3227 1251 3309; x_wconf 86' lang='lat' dir='ltr'><strong>leges</strong></span> 
     </span>
     <span class='ocr_line' id='line_1_26' title="bbox 141 3331 1251 3426; baseline 0 -24"><span class='ocrx_word' id='word_1_208' title='bbox 141 3339 180 3404; x_wconf 90' lang='lat' dir='ltr'><strong>in</strong></span> <span class='ocrx_word' id='word_1_209' title='bbox 198 3331 295 3404; x_wconf 89' lang='lat' dir='ltr'><strong>causis</strong></span> <span class='ocrx_word' id='word_1_210' title='bbox 311 3341 434 3423; x_wconf 85' lang='lat' dir='ltr'><strong>singulis</strong></span> <span class='ocrx_word' id='word_1_211' title='bbox 453 3340 514 3405; x_wconf 89' lang='lat' dir='ltr'><strong>lieri</strong></span> <span class='ocrx_word' id='word_1_212' title='bbox 533 3340 726 3426; x_wconf 86' lang='lat' dir='ltr'><strong>praecipiant.</strong></span> <span class='ocrx_word' id='word_1_213' title='bbox 749 3340 870 3405; x_wconf 86' lang='lat' dir='ltr'><strong>Nam&#39;</strong></span> <span class='ocrx_word' id='word_1_214' title='bbox 848 3362 872 3403; x_wconf 79' lang='grc' dir='ltr'><strong>ει</strong></span> <span class='ocrx_word' id='word_1_215' title='bbox 892 3339 1054 3422; x_wconf 87' lang='lat' dir='ltr'><strong>angustiori</strong></span> <span class='ocrx_word' id='word_1_216' title='bbox 1073 3359 1109 3402; x_wconf 90' lang='lat' dir='ltr'><strong>ea</strong></span> <span class='ocrx_word' id='word_1_217' title='bbox 1120 3338 1251 3421; x_wconf 84' lang='lat' dir='ltr'><strong>signib-</strong></span> 
     </span>
     <span class='ocr_line' id='line_1_27' title="bbox 151 3450 1251 3556; baseline 0 -40"><span class='ocrx_word' id='word_1_218' title='bbox 151 3455 269 3517; x_wconf 90' lang='lat' dir='ltr'><strong>calione</strong></span> <span class='ocrx_word' id='word_1_219' title='bbox 287 3464 440 3531; x_wconf 91' lang='lat' dir='ltr'><strong>sumatur,</strong></span> <span class='ocrx_word' id='word_1_220' title='bbox 470 3450 567 3556; x_wconf 89' lang='lat' dir='ltr'><strong>multa</strong></span> <span class='ocrx_word' id='word_1_221' title='bbox 585 3465 744 3519; x_wconf 92' lang='lat' dir='ltr'><strong>occurrunt</strong></span> <span class='ocrx_word' id='word_1_222' title='bbox 762 3455 906 3537; x_wconf 89' lang='lat' dir='ltr'><strong>negotia,</strong></span> <span class='ocrx_word' id='word_1_223' title='bbox 917 3473 993 3538; x_wconf 90' lang='lat' dir='ltr'><strong>quae</strong></span> <span class='ocrx_word' id='word_1_224' title='bbox 1014 3473 1072 3536; x_wconf 91' lang='lat' dir='ltr'><strong>quo</strong></span> <span class='ocrx_word' id='word_1_225' title='bbox 1090 3451 1251 3516; x_wconf 71' lang='lat' dir='ltr'><strong>reserenda</strong></span> 
     </span>
     <span class='ocr_line' id='line_1_28' title="bbox 103 3551 1252 3664; baseline -0.001 -32"><span class='ocrx_word' id='word_1_226' title='bbox 103 3636 105 3643; x_wconf 19' lang='grc' dir='ltr'><em>Α</em></span> <span class='ocrx_word' id='word_1_227' title='bbox 150 3565 230 3642; x_wconf 86' lang='lat' dir='ltr'><strong>sint,</strong></span> <span class='ocrx_word' id='word_1_228' title='bbox 261 3568 319 3633; x_wconf 94' lang='lat' dir='ltr'><strong>dici</strong></span> <span class='ocrx_word' id='word_1_229' title='bbox 349 3570 470 3654; x_wconf 91' lang='lat' dir='ltr'><strong>nequit,</strong></span> <span class='ocrx_word' id='word_1_230' title='bbox 501 3551 577 3664; x_wconf 82' lang='lat' dir='ltr'><strong>qirae</strong></span> <span class='ocrx_word' id='word_1_231' title='bbox 605 3589 711 3652; x_wconf 89' lang='lat' dir='ltr'><strong>nempe</strong></span> <span class='ocrx_word' id='word_1_232' title='bbox 728 3569 819 3632; x_wconf 91' lang='lat' dir='ltr'><strong>nullis</strong></span> <span class='ocrx_word' id='word_1_233' title='bbox 834 3568 953 3650; x_wconf 85' lang='lat' dir='ltr'><strong>legibus</strong></span> <span class='ocrx_word' id='word_1_234' title='bbox 974 3576 1062 3629; x_wconf 84' lang='lat' dir='ltr'><strong>anteo</strong></span> <span class='ocrx_word' id='word_1_235' title='bbox 1081 3566 1252 3631; x_wconf 87' lang='lat' dir='ltr'><strong>constitutis</strong></span> 
     </span>
     <span class='ocr_line' id='line_1_29' title="bbox 147 3677 1245 3768; baseline -0.004 -22"><span class='ocrx_word' id='word_1_236' title='bbox 147 3682 293 3747; x_wconf 87' lang='lat' dir='ltr'><strong>submissa</strong></span> <span class='ocrx_word' id='word_1_237' title='bbox 312 3691 390 3747; x_wconf 90' lang='lat' dir='ltr'><strong>sunt</strong></span> <span class='ocrx_word' id='word_1_238' title='bbox 415 3682 485 3756; x_wconf 89' lang='lat' dir='ltr'><strong>Sic,</strong></span> <span class='ocrx_word' id='word_1_239' title='bbox 504 3679 536 3747; x_wconf 88' lang='lat' dir='ltr'><strong>ut</strong></span> <span class='ocrx_word' id='word_1_240' title='bbox 555 3677 741 3768; x_wconf 85' lang='lat' dir='ltr'><strong>exemplum</strong></span> <span class='ocrx_word' id='word_1_241' title='bbox 741 3680 945 3756; x_wconf 84' lang='lat' dir='ltr'><strong>adducamus,</strong></span> <span class='ocrx_word' id='word_1_242' title='bbox 964 3680 1076 3745; x_wconf 90' lang='lat' dir='ltr'><strong>bellum</strong></span> <span class='ocrx_word' id='word_1_243' title='bbox 1094 3681 1245 3754; x_wconf 82' lang='lat' dir='ltr'><strong>indicere,</strong></span> 
     </span>
     <span class='ocr_line' id='line_1_30' title="bbox 149 3796 1248 3883; baseline -0.003 -23"><span class='ocrx_word' id='word_1_244' title='bbox 149 3817 253 3881; x_wconf 90' lang='lat' dir='ltr'><strong>pacem</strong></span> <span class='ocrx_word' id='word_1_245' title='bbox 281 3797 374 3872; x_wconf 78' lang='lat' dir='ltr'><strong>inire,</strong></span> <span class='ocrx_word' id='word_1_246' title='bbox 403 3797 516 3878; x_wconf 86' lang='lat' dir='ltr'><strong>legatos</strong></span> <span class='ocrx_word' id='word_1_247' title='bbox 544 3799 676 3874; x_wconf 84' lang='lat' dir='ltr'><strong>mittere,</strong></span> <span class='ocrx_word' id='word_1_248' title='bbox 700 3800 738 3863; x_wconf 89' lang='lat' dir='ltr'><strong>ad</strong></span> <span class='ocrx_word' id='word_1_249' title='bbox 755 3818 914 3883; x_wconf 89' lang='lat' dir='ltr'><strong>quamnam</strong></span> <span class='ocrx_word' id='word_1_250' title='bbox 932 3796 1248 3881; x_wconf 90' lang='lat' dir='ltr'><strong>lmperiipotestatem</strong></span> 
     </span>
     <span class='ocr_line' id='line_1_31' title="bbox 146 3909 1246 3995; baseline -0.001 -20"><span class='ocrx_word' id='word_1_251' title='bbox 146 3921 218 3976; x_wconf 91' lang='lat' dir='ltr'><strong>tune</strong></span> <span class='ocrx_word' id='word_1_252' title='bbox 235 3912 381 3992; x_wconf 59' lang='lat' dir='ltr'><strong>referas?</strong></span> <span class='ocrx_word' id='word_1_253' title='bbox 403 3911 490 3977; x_wconf 88' lang='lat' dir='ltr'><strong>Certe</strong></span> <span class='ocrx_word' id='word_1_254' title='bbox 510 3935 569 3977; x_wconf 92' lang='lat' dir='ltr'><strong>non</strong></span> <span class='ocrx_word' id='word_1_255' title='bbox 587 3915 625 3976; x_wconf 88' lang='lat' dir='ltr'><strong>ad</strong></span> <span class='ocrx_word' id='word_1_256' title='bbox 644 3913 860 3995; x_wconf 78' lang='lat' dir='ltr'><strong>legislativum,</strong></span> <span class='ocrx_word' id='word_1_257' title='bbox 883 3931 952 3976; x_wconf 90' lang='lat' dir='ltr'><strong>nam</strong></span> <span class='ocrx_word' id='word_1_258' title='bbox 969 3933 1023 3975; x_wconf 86' lang='lat' dir='ltr'><strong>sua</strong></span> <span class='ocrx_word' id='word_1_259' title='bbox 1041 3920 1148 3974; x_wconf 87' lang='lat' dir='ltr'><strong>natura</strong></span> <span class='ocrx_word' id='word_1_260' title='bbox 1169 3909 1246 3974; x_wconf 88' lang='lat' dir='ltr'><strong>baec</strong></span> 
     </span>
     <span class='ocr_line' id='line_1_32' title="bbox 142 4020 1245 4112; baseline -0.002 -22"><span class='ocrx_word' id='word_1_261' title='bbox 142 4025 289 4109; x_wconf 78' lang='lat' dir='ltr'><strong>effugiunt</strong></span> <span class='ocrx_word' id='word_1_262' title='bbox 315 4028 413 4111; x_wconf 86' lang='lat' dir='ltr'><strong>leges:</strong></span> <span class='ocrx_word' id='word_1_263' title='bbox 439 4048 499 4092; x_wconf 88' lang='lat' dir='ltr'><strong>non</strong></span> <span class='ocrx_word' id='word_1_264' title='bbox 520 4029 600 4092; x_wconf 90' lang='lat' dir='ltr'><strong>enim</strong></span> <span class='ocrx_word' id='word_1_265' title='bbox 619 4037 709 4092; x_wconf 86' lang='lat' dir='ltr'><strong>antea</strong></span> <span class='ocrx_word' id='word_1_266' title='bbox 726 4026 905 4109; x_wconf 84' lang='lat' dir='ltr'><strong>generaliter</strong></span> <span class='ocrx_word' id='word_1_267' title='bbox 923 4037 954 4091; x_wconf 93' lang='lat' dir='ltr'><strong>et</strong></span> <span class='ocrx_word' id='word_1_268' title='bbox 969 4050 990 4090; x_wconf 90' lang='lat' dir='ltr'><strong>a</strong></span> <span class='ocrx_word' id='word_1_269' title='bbox 1010 4020 1109 4112; x_wconf 85' lang='lat' dir='ltr'><strong>priori</strong></span> <span class='ocrx_word' id='word_1_270' title='bbox 1127 4024 1245 4088; x_wconf 87' lang='lat' dir='ltr'><strong>deliniri</strong></span> 
     </span>
     <span class='ocr_line' id='line_1_33' title="bbox 141 4141 1243 4230; baseline 0.004 -28"><span class='ocrx_word' id='word_1_271' title='bbox 141 4148 253 4224; x_wconf 89' lang='lat' dir='ltr'><strong>potest,</strong></span> <span class='ocrx_word' id='word_1_272' title='bbox 281 4143 401 4227; x_wconf 91' lang='lat' dir='ltr'><strong>qnando</strong></span> <span class='ocrx_word' id='word_1_273' title='bbox 430 4152 459 4207; x_wconf 91' lang='lat' dir='ltr'><strong>et</strong></span> <span class='ocrx_word' id='word_1_274' title='bbox 487 4164 614 4230; x_wconf 90' lang='lat' dir='ltr'><strong>quocum</strong></span> <span class='ocrx_word' id='word_1_275' title='bbox 634 4141 747 4206; x_wconf 91' lang='lat' dir='ltr'><strong>bellum</strong></span> <span class='ocrx_word' id='word_1_276' title='bbox 767 4142 810 4217; x_wconf 65' lang='lat' dir='ltr'><strong>sit&gt;</strong></span> <span class='ocrx_word' id='word_1_277' title='bbox 825 4141 988 4224; x_wconf 85' lang='lat' dir='ltr'><strong>gerendum</strong></span> <span class='ocrx_word' id='word_1_278' title='bbox 1008 4152 1060 4207; x_wconf 89' lang='lat' dir='ltr'><strong>aut</strong></span> <span class='ocrx_word' id='word_1_279' title='bbox 1081 4163 1137 4230; x_wconf 80' lang='lat' dir='ltr'><strong>par</strong></span> <span class='ocrx_word' id='word_1_280' title='bbox 1158 4161 1243 4206; x_wconf 90' lang='lat' dir='ltr'><strong>eom-</strong></span> 
     </span>
     <span class='ocr_line' id='line_1_34' title="bbox 139 4227 1239 4345; baseline 0.003 -26"><span class='ocrx_word' id='word_1_281' title='bbox 139 4257 289 4340; x_wconf 91' lang='lat' dir='ltr'><strong>ponenda,</strong></span> <span class='ocrx_word' id='word_1_282' title='bbox 309 4266 361 4345; x_wconf 82' lang='lat' dir='ltr'><strong>aut</strong></span> <span class='ocrx_word' id='word_1_283' title='bbox 378 4227 505 4341; x_wconf 47' lang='lat' dir='ltr'><strong>quid&#39;sit</strong></span> <span class='ocrx_word' id='word_1_284' title='bbox 524 4258 687 4338; x_wconf 88' lang='lat' dir='ltr'><strong>agendum,</strong></span> <span class='ocrx_word' id='word_1_285' title='bbox 707 4257 759 4322; x_wconf 92' lang='lat' dir='ltr'><strong>ubi</strong></span> <span class='ocrx_word' id='word_1_286' title='bbox 779 4257 878 4323; x_wconf 91' lang='lat' dir='ltr'><strong>hostes</strong></span> <span class='ocrx_word' id='word_1_287' title='bbox 890 4240 1070 4322; x_wconf 82' lang='lat' dir='ltr'><strong>territorium</strong></span> <span class='ocrx_word' id='word_1_288' title='bbox 1080 4257 1239 4331; x_wconf 87' lang='lat' dir='ltr'><strong>invadant.</strong></span> 
     </span>
     <span class='ocr_line' id='line_1_35' title="bbox 135 4347 1264 4457; baseline 0.003 -21"><span class='ocrx_word' id='word_1_289' title='bbox 135 4369 240 4456; x_wconf 87' lang='lat' dir='ltr'><strong>Neque</strong></span> <span class='ocrx_word' id='word_1_290' title='bbox 267 4371 374 4437; x_wconf 87' lang='lat' dir='ltr'><strong>melius</strong></span> <span class='ocrx_word' id='word_1_291' title='bbox 401 4371 441 4436; x_wconf 91' lang='lat' dir='ltr'><strong>ad</strong></span> <span class='ocrx_word' id='word_1_292' title='bbox 466 4347 652 4445; x_wconf 82' lang='lat' dir='ltr'><strong>ereeutivam</strong></span> <span class='ocrx_word' id='word_1_293' title='bbox 666 4381 846 4457; x_wconf 88' lang='lat' dir='ltr'><strong>potestatem</strong></span> <span class='ocrx_word' id='word_1_294' title='bbox 864 4371 984 4438; x_wconf 87' lang='lat' dir='ltr'><strong>arctiori</strong></span> <span class='ocrx_word' id='word_1_295' title='bbox 1001 4372 1059 4438; x_wconf 92' lang='lat' dir='ltr'><strong>isto</strong></span> <span class='ocrx_word' id='word_1_296' title='bbox 1077 4393 1166 4439; x_wconf 86' lang='lat' dir='ltr'><strong>sensu</strong></span> <span class='ocrx_word' id='word_1_297' title='bbox 1184 4394 1238 4439; x_wconf 84' lang='lat' dir='ltr'><strong>ae·</strong></span> <span class='ocrx_word' id='word_1_298' title='bbox 1260 4402 1264 4410; x_wconf 61' lang='lat'><strong><em>¹</em></strong></span> 
     </span>
    </p>
   </div>
   <div class='ocr_carea' id='block_1_3' title="bbox 0 0 1408 5324">
    <p class='ocr_par' dir='ltr' id='par_1_4' title="bbox 0 0 1408 5324">
     <span class='ocr_line' id='line_1_36' title="bbox 0 0 1408 5324; baseline 0 7"><span class='ocrx_word' id='word_1_299' title='bbox 0 0 1408 5324; x_wconf 95' lang='lat' dir='ltr'><strong> </strong></span> 
     </span>
    </p>
   </div>
  </div>
 </body>
</html>
