2806 5324
87 551 124 623 in
146 554 225 625 illud
239 554 410 646 impendere
428 556 611 635 debuissem,
623 557 797 625 dissertatio
816 582 899 637 mea,
909 582 988 649 quae
1005 555 1191 644 satisampla

85 681 179 753 erat,
214 680 286 741 ante
310 674 408 762 ferias
430 671 561 742 aestiuas
583 672 665 764 typis
681 671 825 739 nrandari
839 696 898 738 non
917 671 1047 760 amplius
1063 680 1190 758 poterat.

84 786 248 855 Intererat
275 794 374 855 autem
399 810 464 853 meo
493 784 638 863 marinio,
662 795 696 853 ut
713 794 785 852 ante
802 785 857 851 lroc
874 784 1013 875 temporis
1030 796 1189 875 punctum,

82 902 224 991 gradum
250 904 431 969 doctoralem
458 909 651 977 consecutus,
671 900 761 991 finem
781 901 959 989 imponerem
978 902 1083 967 statos
1104 903 1191 969 Aca-

84 1015 225 1085 demicis.
249 1016 354 1102 Quare
373 1039 410 1082 ea
427 1015 464 1081 de
482 1038 516 1081 re
533 1014 749 1081 communicari
764 1040 832 1081 cum
848 1017 1025 1082 Promotore
1040 1041 1102 1082 mco
1117 1017 1192 1082 Viro
1269 1060 1273 1067 -

88 1128 143 1201 Gt.
167 1154 364 1207 mousson,
381 1154 403 1197 a
418 1126 597 1218 qadstatim
616 1128 773 1195 consilium
791 1132 907 1220 occepi,
921 1139 954 1195 ut
970 1130 1189 1196 dissertationis

84 1268 174 1311 moene
202 1250 319 1332 partem
345 1241 495 1332 aliquam,
521 1265 580 1329 qno
602 1242 664 1333 legi
681 1242 908 1331 satisfacerem,
933 1268 1092 1319 sumerem,
1117 1269 1190 1310 cae·

82 1359 212 1434 terami
229 1362 349 1435 uellem,
363 1364 468 1447 postea
486 1357 613 1423 ederem.
640 1356 701 1426 Cui
718 1366 855 1445 pomptus
870 1358 1080 1447 obtemperavi.
1093 1359 1188 1445 Operi

83 1499 195 1561 nempe
216 1469 430 1562 praemiseram
449 1468 716 1548 introductionem,
751 1469 864 1560 inqua
881 1471 1022 1539 universa
1039 1473 1187 1560 quaedam

81 1588 125 1654 de
146 1588 268 1656 Samrno
279 1584 412 1673 Imperio
431 1583 537 1663 Civili,
562 1583 656 1673 deque
675 1582 769 1652 rariis
784 1585 915 1675 ciusdem
934 1585 1060 1675 formis,
1073 1611 1187 1652 necnon

82 1702 125 1769 de
152 1701 220 1790 ipsa
244 1700 335 1792 regni
350 1698 447 1766 nostri
463 1696 671 1765 constitutione
690 1708 720 1764 ct
735 1702 801 1791 lege
816 1700 1041 1788 fundamentali
1057 1725 1185 1767 samma·

82 1816 142 1883 tim
162 1813 333 1907 attigeram.
353 1812 538 1882 Artes-abar
557 1811 635 1878 enim
653 1812 762 1879 librum
777 1814 814 1880 de
834 1815 935 1906 Regia
953 1823 1096 1903 potestate
1108 1824 1185 1882 recte

81 1928 238 1998 conscribi
268 1953 328 1995 non
357 1951 460 2016 posse,
494 1926 556 1993 nisi
581 1936 672 1994 antea
699 1928 736 1994 de
763 1928 884 1997 Summo
899 1930 1029 2016 imperio
1048 1931 1184 1997 universe

80 2052 167 2112 certo
189 2043 273 2111 modo
289 2043 475 2133 judicemuss
497 2042 674 2132 praesertim
690 2067 756 2108 cum
775 2044 927 2110 hodiernis
943 2045 1046 2112 diebus
1057 2044 1184 2111 deittius

79 2168 200 2226 natura
218 2166 281 2225 tam
298 2157 382 2226 uarie
403 2159 497 2224 soleat
513 2156 686 2246 disputari,
711 2166 744 2224 ut
763 2157 795 2224 in
821 2182 858 2225 ea
875 2156 1049 2248 definienda
1069 2160 1182 2226 canetis·

80 2272 159 2339 sime
176 2272 294 2342 versari
315 2280 459 2364 oporteat.

125 2387 221 2454 Hanc
236 2387 333 2479 igitur
349 2387 612 2466 introductionem,
623 2387 736 2456 additis
747 2387 795 2455 tric
810 2396 839 2455 et
848 2387 910 2455 illic
919 2386 1090 2461 nonnuliis,
1104 2412 1183 2454 nunc

79 2501 199 2581 trado,
220 2500 460 2571 dissertationem
477 2502 575 2593 ipsam
596 2504 633 2570 de
650 2504 1070 2591 Regiapotestatesecundum
1088 2505 1185 2587 legem

79 2617 362 2697 fundamentalem,
386 2625 507 2707 postea,
532 2617 561 2683 si
576 2619 692 2686 occasio
707 2618 783 2700 erit,
808 2620 954 2687 editurus.
981 2622 1067 2710 Opus
1084 2627 1183 2686 autem

76 2731 182 2822 polire
198 2741 227 2799 et
244 2733 388 2824 perticere
402 2734 461 2800 erit
471 2734 742 2823 jucundissimum
765 2734 829 2804 rias
839 2743 937 2802 autem
948 2760 1065 2813 omnes,
1077 2736 1183 2822 quibus

38 2938 42 2943 Ι
75 2848 124 2914 ad
137 2847 231 2937 finem
249 2849 406 2939 pertenire
423 2848 563 2917 citissime
579 2849 705 2939 possim,
725 2850 866 2940 persequi
883 2853 1021 2918 conabor.
