2806 5324
668 375 720 450 tt

142 579 235 629 neme
253 559 434 637 ·investltas,
467 560 684 647 incorporatus.
704 562 807 627 unitas
827 572 856 627 et
877 582 1016 627 annexas.
1030 587 1045 624 n
1070 561 1184 627 Deinde
1204 563 1235 628 in

140 675 279 760 clausula
292 674 452 758 sequenti,
475 678 643 761 queomnis
662 677 795 761 quaestio
818 686 971 753 arceatur,
995 698 1072 761 qnae
1094 699 1130 742 ex
1149 690 1234 743 rete-

134 790 227 855 rihus
248 788 293 858 at*
310 810 435 873 regnum
454 789 547 855 titulis
564 791 633 855 oriri
648 793 756 874 possit,
781 792 888 855 iterum
910 793 1014 856 dicunt
1034 791 1138 857 isdem
1157 813 1229 856 ver-

139 905 189 971 bis
205 924 242 969 ac
260 907 291 968 in
304 903 456 985 agnitione
473 892 676 969 antecurrens
693 916 722 968 et
741 927 865 979 saccas.
894 927 938 970 na
957 905 1117 973 stabilitate
1128 907 1232 992 (stabi-

136 1015 240 1108 »tityi
271 1014 388 1087 adnuis
413 1017 628 1094 succesionis,
657 1021 778 1087 terente
804 1016 885 1096 Deo,
917 1022 1055 1106 pendere,
1069 1022 1233 1098 unitatem.

144 1150 275 1216 »pacem
294 1140 324 1195 et
340 1132 587 1217 tranquillitatem
610 1135 700 1198 totius
719 1133 856 1198 muccis.
869 1161 884 1198 n

147 1296 152 1305 .
185 1246 236 1310 Sic
254 1245 345 1328 igitar
361 1265 415 1330 per
430 1266 529 1309 rerum
542 1248 762 1311 conversionem
771 1249 840 1312 anni
856 1249 936 1315 1688
948 1249 1072 1333 populns
1084 1251 1114 1315 in
1124 1247 1234 1332 Anglia

140 1360 190 1439 ins
205 1380 307 1443 regem
325 1359 382 1424 sibi
402 1359 530 1442 eligendi
550 1383 608 1425 non
631 1364 725 1424 solnm
743 1382 801 1426 non
822 1363 947 1447 adeptus
968 1372 1029 1438 est,
1060 1384 1163 1430 verum
1182 1385 1234 1448 po·

140 1475 202 1539 tius
220 1473 290 1538 buic
309 1473 368 1561 juri
388 1473 619 1551 solemnimodo
640 1477 837 1546 renunciavit.
861 1476 1018 1540 Caeterum
1036 1477 1177 1562 quidquid
1198 1478 1236 1541 de

65 1575 69 1582 ⁵
140 1596 215 1654 actu
229 1589 287 1654 isto
304 1578 487 1654 Parlaruenti
504 1591 599 1676 deque
616 1588 804 1663 necessitate,
823 1590 854 1653 iu
873 1610 931 1676 qne
952 1610 1015 1654 sese
1031 1590 1141 1656 veraci
1153 1589 1235 1652 dixe·

141 1712 232 1778 runt,
259 1704 445 1775 sentiendum
470 1704 527 1777 sit,
556 1725 591 1768 ex
611 1702 668 1768 boe
689 1705 751 1787 ipso
770 1712 890 1778 tamen,
919 1704 997 1789 quod
1016 1699 1188 1768 necessitate
1205 1723 1237 1767 se

115 1796 120 1802 ³
139 1814 212 1903 cogi
227 1819 476 1902 pronunciarent,
499 1817 659 1884 manifeste
676 1827 816 1904 apparet,
839 1839 889 1884 eos
908 1820 990 1884 nulla
1009 1819 1124 1883 ratione
1142 1814 1239 1880 credi·

140 1931 239 2008 disse,
252 1933 313 2006 sibi
330 1933 379 2012 jus
396 1942 562 2016 competere
578 1909 763 2018 quecumque
781 1933 870 1997 modo
888 1954 940 2018 pro
958 1930 1055 2002 lubitu
1066 1949 1165 2013 regem
1183 1929 1236 1994 eli·
1305 2017 1307 2020 Α

139 2044 252 2128 goradi,
282 2067 342 2119 non
361 2047 457 2128 magis
474 2066 563 2131 mam
584 2046 678 2129 ipsam
697 2055 872 2132 potestatem
892 2045 1116 2109 monarchicam
1137 2052 1236 2113 caete-

139 2179 249 2245 rasque
272 2158 489 2235 constitutionis
508 2168 607 2244 partes
625 2159 755 2223 delendi.
779 2158 1099 2225 Parlamentnmenim
1116 2178 1147 2222 se
1165 2156 1239 2238 legi·

140 2277 201 2343 bus
225 2274 502 2349 fundamentalibus
528 2274 745 2339 constitutionis
769 2273 897 2354 obligari
914 2273 1019 2336 merito
1040 2272 1237 2344 existimavit,

140 2390 230 2468 cnjus
247 2390 370 2474 quidem
387 2398 501 2474 partem
516 2409 549 2452 se
567 2389 665 2472 ipsum
685 2387 799 2453 efficere
818 2389 947 2466 sciebat,
967 2389 1019 2452 sed
1037 2387 1094 2461 ita,
1113 2385 1239 2451 uthans

140 2512 258 2589 partem
270 2522 370 2590 noqm
388 2501 499 2566 mutari
517 2521 613 2586 neque
621 2502 767 2583 abrogari
786 2522 887 2585 posse,
913 2510 944 2566 et
960 2501 1164 2566 monarchiam
1183 2498 1236 2564 be·

141 2616 317 2689 sediteriam
340 2615 475 2694 ejusdem
500 2616 721 2681 constitutionis
746 2626 861 2703 partem
883 2637 945 2683 esse
965 2618 1046 2682 hand
1066 2617 1167 2683 ininns
1187 2617 1238 2681 in-

89 2787 91 2791 ,
141 2714 317 2797 violabilem
332 2728 490 2808 iudicaret.
512 2729 551 2795 Et
570 2730 609 2795 ob
628 2730 707 2796 hano
724 2722 841 2816 qnoque
859 2733 1022 2805 rationem,
1049 2753 1118 2796 cnm
1135 2741 1237 2815 postea
1271 2746 1275 2763 ¹

142 2863 332 2909 auterannus
357 2852 388 2908 et
400 2845 654 2919 'anra‚·secunda
671 2865 775 2910 rscoer
793 2845 867 2918 filia,
889 2846 984 2911 nullos
1004 2843 1176 2910 habuissent
1196 2845 1236 2908 li-

141 2957 249 3032 beros,
280 2956 505 3029 Parlamsntum
531 2957 699 3043 Principem
725 2982 855 3024 sosanna
877 2969 1017 3046 tanquam
1035 2957 1163 3044 stipitem
1181 2958 1238 3024 de-

141 3071 273 3145 claravit
289 3092 326 3135 ex
343 3091 403 3155 quo
424 3073 496 3135 ordo
515 3075 707 3138 succesionis
728 3075 896 3150 derivaret,
922 3074 1014 3158 idque
1034 3074 1132 3139 solum
1154 3073 1236 3146 iden.
1351 3063 1354 3071 Δ

144 3205 162 3243 s
173 3185 246 3269 quia
273 3184 518 3249 excellentissima
544 3184 686 3271 Princeps
712 3210 839 3262 soram,
868 3189 990 3252 electrix
1014 3197 1042 3250 et
1068 3188 1127 3250 dux
1147 3187 1238 3251 vidua

146 3299 371 3374 »Hanorerae,
396 3296 467 3387 filia
494 3309 538 3364 est
568 3301 829 3366 excellentissimae
854 3302 1000 3385 Principis
1018 3322 1238 3375 erronearum,

140 3412 294 3494 areginae
321 3415 471 3497 quondam
493 3415 651 3489 Boemiae‚
678 3435 714 3479 ac
732 3415 810 3480 filiae
827 3416 960 3481 defuncti
980 3412 1061 3505 regis
1080 3422 1108 3479 et
1126 3413 1241 3481 domini

113 3561 116 3566 ·
149 3524 273 3590 snosbti
290 3549 396 3592 saccas
414 3529 428 3592 l
449 3527 545 3594 felicis
561 3530 736 3603 memoriae,
756 3538 846 3622 atque
857 3522 901 3599 'ab
911 3550 977 3595 eam
987 3531 1130 3595 rationem
1140 3531 1239 3614 proxi·

146 3659 225 3706 »ma
243 3649 287 3706 est
305 3638 338 3704 in
356 3640 473 3708 ordine
486 3641 695 3719 successionis,
727 3654 850 3711 caet.....
870 3654 899 3708 et
918 3665 1041 3727 regnum
1061 3648 1099 3713 ad
1118 3647 1246 3712 heredes'

140 3753 240 3833 ‚neius
270 3756 444 3829 transibit.»
477 3757 606 3823 Ubinam
636 3768 736 3823 autem
768 3758 816 3824 hic
845 3761 974 3843 reperire
995 3761 1134 3840 licetine
1156 3760 1241 3842 reges

140 3867 304 3949 eligendi?
1114 3873 1116 3877 ’

191 3982 238 4048 2⁰.
261 3982 441 4066 Non-magis
460 3985 552 4050 etiarn
574 3986 621 4066 jus
639 4007 704 4060 eos,
727 3988 778 4072 qui
795 3996 919 4070 regunt.
948 3989 1073 4074 Imperio
1093 3990 1241 4064 eruendi«.
1346 4040 1349 4045 .

148 4106 299 4182 tanquam
313 4099 490 4186 principium
509 4101 632 4186 aliquod
650 4103 840 4188 adoptarunt.
870 4105 959 4183 Quod
980 4105 1101 4188 quidem
1120 4105 1162 4169 ad
1178 4104 1246 4174 ‘eri-

76 4204 81 4211 '
146 4213 281 4280 dentiam
313 4235 407 4298 nsque
435 4216 577 4301 psobatnr
603 4237 639 4285 er
665 4217 786 4284 infinitis
803 4217 1104 4294 'communitionibus.‚
1134 4219 1244 4304 quibus

142 4329 379 4431 mdenlietimt
399 4330 443 4396 nsi
460 4340 528 4401 sunt
547 4328 580 4397 in
597 4329 717 4398 decreto
734 4331 971 4408 conscribendo,¹
983 4352 1042 4418 quo
1065 4334 1104 4401 de
1121 4335 1249 4405 abdica-
