2806 5324
684 417 738 496 so
823 428 828 442 ,

165 607 269 672 »tibus
294 627 385 673 uuam
405 606 535 673 animam
558 608 724 687 redimere,
743 594 956 694 nonnunquam
973 607 1051 672 senis
1069 616 1100 672 et
1118 607 1258 678 invalidi.

131 776 135 781 .
166 722 452 802 »Quemadmodum
477 730 575 787 totum
604 743 709 808 corpus
736 723 836 787 auimo
865 722 1096 800 deservit.....,..
1117 721 1160 786 sic
1179 715 1263 787 baec·

166 863 182 899 u
191 837 334 900 immensa
351 836 512 901 multitudo
530 835 619 902 unius
638 836 755 901 animae
775 836 978 907 circumdata,
996 834 1077 923 illius
1094 836 1260 920 spiriture-

86 967 88 975 *
168 953 287 1034 egitur,
316 951 396 1015 illius
425 951 540 1015 ratione
563 950 713 1025 flectitur,
732 970 866 1035 pressura
886 971 919 1014 se
936 971 972 1014 ac
990 949 1126 1016 fractura
1142 951 1262 1032 ,viribus

167 1093 182 1130 u
190 1066 269 1140 suis,
292 1064 348 1129 uisi
368 1062 490 1129 consilio
508 1065 730 1130 sustineretur»
755 1064 814 1150 (l).
837 1065 930 1130 Suam
946 1065 1048 1151 itaque
1065 1064 1261 1130 incolumita-

164 1189 224 1244 teru
254 1187 375 1254 amant,
408 1178 459 1264 qui
489 1177 546 1242 sibi
565 1197 738 1263 persuasum
753 1157 884 1255 habeut,
903 1188 1020 1243 tantam
1039 1180 1082 1244 ab·
1097 1178 1259 1256 omnibus,

165 1295 217 1381 qui
244 1315 276 1358 se
304 1295 396 1359 bonos
422 1294 502 1360 cives
525 1292 717 1379 profitentur,
740 1293 941 1359 reverentiam
962 1293 1067 1358 deberi
1082 1293 1267 1374 Maiestati,

167 1417 281 1493 quauta
298 1408 331 1472 iu
350 1406 484 1474 homines
501 1409 608 1473 cadere
627 1399 742 1494 potest,
762 1417 791 1472 et
810 1407 907 1492 potius
924 1426 1039 1493 semper
1047 1426 1129 1483 esse,
1142 1408 1260 1473 malum

163 1521 326 1607 principem
352 1521 449 1598 ferre,
483 1543 575 1609 quam
602 1521 716 1586 serrum
744 1521 774 1585 in
796 1521 904 1610 durum
925 1521 1066 1605 quidem,
1085 1521 1138 1586 scd
1154 1502 1260 1586 tamen

165 1646 317 1720 parentem
345 1637 460 1722 patriae
480 1638 635 1720 stringere.
657 1636 727 1700 Non
744 1635 824 1699 enim
841 1634 957 1698 ostendi
974 1628 1091 1719 potest,
1108 1643 1259 1718 quantum

166 1753 204 1816 ad
222 1761 327 1837 pacem
345 1761 375 1815 et
393 1753 641 1837 tranquillitatem
659 1750 803 1829 eiusmodi
820 1751 851 1817 in
870 1749 1040 1835 imperante
1057 1759 1206 1837 potestas,
1226 1753 1261 1818 in

161 1864 283 1935 civibus
308 1867 451 1951 obligatio
469 1867 572 1934 saciat.
594 1865 637 1932 Ar
656 1867 683 1931 si
706 1865 822 1949 arnlgi
841 1865 963 1931 levitate
978 1864 1120 1951 pendebit
1136 1865 1261 1952 Imperii

166 1983 327 2061 sanctitas,
348 1985 390 2049 nil
407 1982 575 2071 principatu
592 1980 810 2056 calamitosius,
831 1979 872 2044 nil
890 1971 1261 2062 magisiucertumexco-

53 2079 56 2083 ⁸
164 2096 254 2179 gitari
270 2108 382 2184 potest;
401 2086 503 2182 ⁴neque
521 2097 551 2162 iu
572 2095 694 2164 civitate
702 2094 792 2180 *quid
802 2094 1012 2179 perniciosius,
1028 2115 1118 2181 quam
1127 2105 1161 2161 ut
1168 2096 1264 2161 Sum·

78 2255 80 2259 ψ
166 2217 233 2277 mus
252 2214 404 2299 imperans
420 2212 529 2299 populo
547 2219 657 2275 temere
672 2196 868 2288 subjiciatur:
891 2207 923 2273 id
941 2191 1030 2293 agas,
1052 2218 1082 2274 et
1097 2231 1151 2295 pru
1168 2209 1262 2277 obse·

164 2326 234 2410 quio
250 2328 372 2404 turbas,
395 2348 448 2412 pro
466 2345 540 2411 pace
557 2323 637 2388 bella
653 2321 789 2388 babebis.
800 2322 911 2389 Nonne
924 2323 1021 2401 euim,
1033 2324 1086 2389 ubi
1096 2325 1265 2413 Imperium

164 2442 299 2518 nullum,
318 2439 480 2526 plurimum
494 2436 656 2503 confusio?
1188 2454 1189 2459 ¹

207 2556 239 2620 3.
271 2593 315 2607 -
346 2551 494 2634 Quamvis
521 2561 621 2616 autem
650 2550 724 2617 baec
743 2552 843 2617 omnia
862 2553 983 2619 omnino
1000 2573 1072 2621 rora
1089 2539 1168 2631 sint,
1187 2567 1264 2622 sunt

162 2680 264 2735 tamen
284 2669 336 2754 qui
358 2668 464 2732 ducere
482 2689 542 2733 nou
560 2666 717 2742 dubitent,
735 2689 879 2732 summum
895 2674 1068 2754 potestatem
1086 2691 1148 2734 csse
1166 2693 1259 2757 penes

163 2783 335 2851 uuiversum
361 2783 518 2870 populum,
548 2789 646 2867 eoque
669 2781 829 2867 Imperium
857 2781 996 2868 principis
1020 2804 1075 2848 nec
1096 2806 1180 2870 posse
1201 2808 1264 2853 uec·

164 2897 272 2963 debere
290 2918 352 2963 csse
371 2887 515 2982 superius.
539 2897 629 2978 Quae
643 2896 791 2962 sententia
807 2905 879 2981 quot
896 2897 983 2962 malis
992 2918 1114 2975 causam
1124 2900 1256 2979 dederit,

162 3024 194 3080 et
213 3015 286 3080 dare
304 3014 468 3079 etiamnum
485 3014 595 3099 possit,
613 3013 734 3099 penitus
752 3010 860 3077 animis
876 3021 1015 3097 recepta,
1032 3035 1121 3080 nemo
1139 3017 1260 3100 sapiens

162 3153 222 3197 non
240 3130 322 3196 videt
345 3129 404 3215 (2).
426 3130 550 3210 Quare,
570 3148 605 3192 eo
626 3148 658 3191 re
677 3123 804 3192 ducente
816 3125 1259 3206 ,noninconveniensridetur‚

32 3298 40 3312 r
163 3238 219 3311 boc
240 3246 306 3310 loco
323 3242 491 3309 doctrinam
508 3243 596 3307 istam
614 3241 717 3327 paucis
738 3229 909 3335 oppugnare
934 3240 992 3326 (3).

205 3360 356 3425 Nimirum
373 3358 489 3440 jactant
504 3378 606 3424 omues
619 3358 808 3446 ¹imperantes
825 3358 961 3443 apopulo
971 3358 1159 3434 constitutos,
1172 3362 1262 3445 atqui

162 3476 298 3539 naturale
316 3467 396 3551 esse,
416 3483 451 3540 ut
466 3473 648 3540 constituens
665 3472 703 3538 sit
722 3473 885 3538 constituto
903 3472 1044 3558 superior.
1068 3474 1196 3549 Verum,
1217 3474 1259 3540 ti-

163 3597 211 3652 cet
233 3589 272 3653 ad
291 3610 394 3656 eorum
411 3585 652 3659 constitutionem
669 3587 768 3674 populi
790 3609 949 3654 consensus
967 3590 1188 3674 quodammodo
1210 3590 1260 3655 in-

107 3738 112 3744 ·
162 3704 329 3779 terreniat,
347 3714 466 3779 tamen,
490 3705 535 3767 uti
553 3724 642 3789 supra
661 3702 807 3778 vidimus,
827 3703 897 3788 quia
915 3701 1258 3770 invictanecessitateet
1293 3691 1304 3707 ’

50 3808 53 3815 ’
120 3878 123 3882 Α
160 3826 287 3902 cogente
304 3829 412 3885 natura
430 3819 566 3908 homiues
584 3820 616 3883 in
636 3818 777 3883 societate
795 3817 1254 3903 vivuntaclmperioreguntur,

179 4036 219 4095 (l)
235 4004 276 4086 tte
294 4037 433 4089 Clementia
444 4032 471 4089 -Ι,
486 4036 510 4089 3.

180 4128 218 4193 (2)
233 4128 267 4178 Ut
281 4135 348 4180 recte
363 4129 474 4180 observat
489 4143 563 4181 cnor.
579 4147 618 4195 op.
636 4131 654 4178 l.
670 4129 694 4180 1.
711 4129 736 4182 3.
754 4129 778 4178 8.
796 4133 820 4181 l.

181 4221 223 4284 (3)
249 4222 340 4288 Estque
362 4223 424 4273 buco
447 4222 520 4272 theria
547 4222 609 4272 nihil
633 4223 701 4272 aliud
718 4225 764 4274 uisi
780 4240 854 4289 quom
870 4224 921 4291 ipse
942 4237 1014 4277 osor.
1030 4224 1055 4274 iu
1073 4222 1204 4273 immortali
1221 4239 1268 4272 suo
1295 4251 1297 4253 ·

145 4330 219 4382 opero
241 4316 271 4364 de
296 4315 359 4365 lere
383 4317 414 4368 Β.
437 4323 462 4364 ot
486 4316 520 4368 Ρ.
543 4315 671 4374 resumsit,
688 4332 833 4384 semperque
849 4319 875 4368 iu
891 4316 937 4368 bac
954 4317 1017 4368 elma
1034 4316 1162 4368 Academia
1179 4312 1209 4367 D.
1228 4315 1265 4367 D.

144 4408 268 4459 communi
285 4414 341 4459 roto
357 4410 500 4476 redarguere
517 4406 566 4460 nou
583 4410 735 4464 destiterunt.
