2806 5324
624 404 700 483 aab

153 596 238 664 Unde
255 597 345 662 eliam
360 615 429 661 vere
449 594 507 660 dici
520 593 620 679 'polest
630 594 834 661 monarchiam
851 592 1144 671 cunsliluliuualem‚
1165 595 1211 663 uli
1250 657 1252 666 r

108 710 198 777 hodie
222 720 281 784 esl,
306 733 363 776 non
389 730 498 778 nevam
523 730 586 774 esse
607 710 726 795 Imperii
750 711 891 786 sormam,
918 719 970 775 aul
989 732 1059 777 cum
1078 712 1211 796 anliqua

108 812 281 893 monarchia
300 827 376 892 nibil
392 845 548 891 commuue
564 826 689 900 habere,
710 827 762 892 sed
781 827 885 892 iisdem
903 828 991 911 plane
1008 825 1212 890 institutioni·

108 941 164 1005 bus
184 950 214 1005 ct
230 941 380 1026 principiis
398 941 456 1015 uli,
475 941 584 1024 quibus
599 940 652 1005 illa
667 943 818 1007 ulebalur.
841 941 948 1026 Neque
962 941 1102 1024 egohoc.
1122 940 1210 1024 quod
1241 928 1245 938 '

109 1058 192 1133 dico,
212 1056 326 1128 inveni,
344 1056 494 1121 sedidem
514 1056 708 1132 demanda,
729 1054 777 1141 (nt
794 1048 826 1120 iu
845 1056 949 1120 eodem
969 1076 1029 1141 quo
1044 1054 1212 1140 bucusque

107 1172 152 1237 usi
170 1193 285 1246 sumus,
304 1172 436 1256 exemplo
454 1173 659 1256 maneamus.)
676 1170 822 1235 affirmant
832 1178 968 1236 auctores
977 1161 1216 1255 plurimi‚iuler

108 1301 196 1371 qnos,
216 1295 249 1351 ul
275 1287 348 1352 alios
365 1306 467 1351 omnes
491 1285 741 1384 praetermittam,
760 1286 847 1349 nnius
865 1291 981 1349 lantum
997 1284 1211 1350 testimonium

105 1398 244 1478 afferam,
263 1376 364 1488 ulpcle
383 1408 463 1465 carle
480 1421 516 1466 ca
527 1401 564 1465 de
575 1421 607 1465 re
619 1399 864 1465 recenlissimum.
878 1398 1099 1471 Locnsantem,
1111 1415 1209 1481 quem

105 1514 272 1579 describam
290 1526 320 1582 el
340 1517 372 1581 iu
393 1534 482 1602 quem
501 1515 578 1579 lorte
589 1515 710 1610 lorlnna
719 1514 826 1590 incidi,
847 1523 892 1579 est
909 1512 1137 1600 parsquaedam
1151 1531 1207 1576 ex-

102 1640 204 1713 cerpla
217 1630 395 1696 exoratione
414 1629 567 1695 clarissimi
588 1639 617 1693 et
628 1627 793 1693 eruditione
803 1629 1046 1712 praestantissimi
1056 1627 1114 1695 riri
1124 1625 1206 1708 juris

106 1746 298 1832 antecessoris
316 1746 345 1810 in
365 1745 529 1810 Academia
547 1741 739 1810 Rbedonensi
758 1742 917 1830 (licernes),
941 1743 1025 1822 cujus
1045 1740 1146 1810 verbis
1168 1762 1210 1806 eo

106 1858 257 1924 lnbeulius
281 1867 362 1936 utor,
384 1860 454 1944 quia
477 1860 595 1944 publice
615 1860 730 1944 prolala
748 1859 911 1922 mullorum
929 1856 1209 1942 comprabalionem

104 1982 195 2037 nacla
211 1983 290 2038 sunt.
907 2040 909 2044 ,
1186 2061 1190 2067 ἢ

147 2086 192 2153 Ac
210 2088 337 2173 primum
353 2087 475 2173 quidem
493 2088 629 2172 sequenti
649 2088 739 2176 modo
754 2084 873 2173 incipit:
893 2109 910 2149 n
921 2102 962 2152 un
973 2087 1107 2154 resultat
1125 2106 1209 2154 unus

109 2203 230 2288 »parail
246 2204 372 2276 cerlain.
385 2204 457 2269 c’esl
476 2204 505 2267 le
525 2205 583 2268 lien
604 2203 659 2289 qui
674 2203 739 2266 unit
761 2212 846 2267 notre
855 2200 1046 2271 constitution
1056 2200 1209 2268 moderue

107 2337 203 2384 caree
223 2339 275 2411 uns
295 2317 658 2392 aucienuesinslilntions‚
680 2327 709 2381 el
725 2336 759 2381 ce
772 2317 1203 2402 resullalascnimporlance:

108 2431 235 2516 »quand
259 2451 317 2496 nne
336 2432 437 2497 natica
457 2429 589 2497 arrived
606 2440 684 2496 cette
702 2430 871 2500 conviction
890 2451 949 2516 qne
964 2431 1007 2496 les
1016 2431 1205 2497 iustitutions

103 2545 252 2631 ›rqu’elles
278 2545 416 2631 pnssbde,
437 2544 495 2609 elle
512 2545 554 2610 les
571 2566 589 2608 a
609 2545 762 2632 posse'dder
779 2567 819 2610 ou
839 2546 998 2625 reclamdes
1016 2542 1202 2636 dnergr'qne·

106 2665 210 2725 »nunt
228 2660 303 2725 dans
318 2667 415 2723 torres
434 2659 475 2724 les
491 2658 598 2743 pheses
616 2661 718 2725 deson
736 2659 896 2735 existencer
915 2661 1016 2746 quand
1034 2654 1204 2732 ellearriee

105 2777 149 2842 rb
177 2795 235 2839 une
261 2777 369 2859 pensde
392 2771 559 2850 dialectice,
586 2773 639 2862 qni
664 2771 734 2840 allic
759 2798 813 2840 son
837 2775 960 2864 preirent
983 2776 1072 2839 cison
1089 2772 1212 2862 passc'‚'

104 2909 217 2969 ›rscyez
233 2889 393 2973 persuadds
407 2890 546 2975 qnec’est
565 2910 605 2953 nn
624 2889 717 2971 grand
737 2889 807 2954 bien
825 2888 876 2975 qui
895 2889 937 2954 lui
956 2899 1002 2955 est
1020 2893 1135 2982 aequis.
1158 2891 1205 2958 Ce

105 3024 166 3069 nne
181 3005 272 3069 serait
286 3023 339 3090 pas
354 3026 396 3069 uu
413 3004 527 3074 service
543 3004 562 3067 d
576 3024 650 3070 nous
665 3003 772 3068 rendre
784 3005 821 3069 de
836 3013 942 3070 metlre
952 3025 992 3070 un
1005 3000 1102 3072 abime
1114 3008 1212 3074 entre

104 3118 170 3185 »les
179 3118 359 3205 insliluticns
369 3118 406 3183 de
415 3121 457 3188 89
470 3120 532 3184 etle
542 3119 619 3184 droit
628 3121 728 3204 public
738 3120 776 3184 de
784 3118 1204 3190 l’ancienuemonarchie».-·

100 3232 222 3298 Deinde
245 3232 362 3319 singula
387 3233 530 3320 principia
551 3255 741 3310 enumerans,
770 3233 878 3319 quibus
906 3234 1051 3301 hodierna
1078 3258 1201 3304 monar-

101 3348 172 3413 chia
189 3348 246 3413 uiti
264 3347 389 3425 dicitur,
410 3357 441 3413 et
458 3368 536 3434 quae
556 3348 647 3413 laniis
666 3347 805 3413 laudibus
813 3349 909 3415 solent
918 3346 1029 3424 efferri,
1042 3355 1201 3419 caemnia

101 3463 133 3527 iu
152 3464 276 3549 anliqua
298 3463 472 3530 monarchia
494 3465 595 3547 aguila
612 3475 642 3535 et
658 3464 774 3549 saepius
790 3463 909 3550 publice
930 3458 1089 3531 enunciata
1107 3464 1202 3533 luisse

100 3576 242 3643 oslendil:
264 3599 280 3638 r<
291 3580 334 3644 les
356 3583 433 3645 dlats
450 3588 503 3643 ont
520 3580 672 3665 proclamd
690 3589 756 3643 tous
782 3579 824 3644 les
841 3580 987 3665 principes
1006 3580 1047 3645 du
1065 3598 1203 3671 gaurer-

23 3744 26 3750 .
103 3699 244 3757 ›rncmcnt
261 3693 481 3783 rdprc'sentctif.
505 3693 650 3772 Ecoulez,
670 3700 848 3772 messienrs,
867 3701 896 3765 le
916 3699 1034 3764 re'sumd
1053 3699 1092 3764 de
1112 3688 1194 3765 celle

101 3803 233 3870 »cbnrtc
255 3805 424 3882 nationale,
457 3811 509 3894 qui
537 3831 612 3877 nous
630 3823 673 3894 est
693 3813 791 3879 douud
810 3834 864 3900 par
880 3836 934 3880 nos
954 3791 1040 3902 pdres
1061 3815 1137 3881 daus
1156 3816 1201 3883 les

102 3897 302 3986 »risolulions
320 3920 372 3986 des
396 3921 675 3991 Eleis-Generum:

137 4034 212 4100 «En
237 4034 338 4111 1302,
363 4021 703 4121 inddpendance'de'la
725 4061 897 4117 conrnune;

141 4148 265 4216 nl3lb.
287 4151 441 4218 Ndccssild
464 4152 505 4217 dn
528 4162 752 4221 cousenlement
774 4156 826 4222 des
847 4157 919 4222 trois
941 4156 1043 4223 ordres
1065 4179 1140 4243 pour
1151 4138 1202 4226 'les

97 4262 232 4347 »impbts
255 4275 286 4331 et
307 4289 381 4353 pour
404 4277 487 4335 tonte
508 4255 626 4336 mesurc
647 4269 725 4356 prise
743 4293 787 4373 ‘an
810 4293 878 4343 unm
902 4273 954 4339 des
976 4280 1071 4365 dlats3
1191 4317 1193 4321 -
