2806 5324
656 291 682 365 8

162 478 278 546 Deinde
299 500 368 546 vero
390 483 467 567 quod
491 483 530 546 ad
547 487 652 546 nulum
671 481 766 566 ipsum
783 481 907 555 attinet,
927 480 1077 546 observari
1097 481 1210 557 velim,

118 616 186 658 eum
206 596 327 659 minime
348 595 439 659 luisse
461 604 595 670 tantum,
620 606 653 661 ut
673 597 743 661 inde
761 597 926 661 necessario
944 597 1079 663 civitates
1095 598 1213 665 lucrium

117 710 350 774 constituendae.
374 710 492 774 Etenim
515 731 583 774 curn
605 712 644 775 ab
666 710 835 776 bominibus
858 711 980 776 lortuito
997 733 1142 778 concursu
1158 715 1211 782 uel

117 834 204 907 pacto
220 823 319 908 aliquo
336 825 504 902 conjunctis
519 827 617 898 mala,
637 846 714 912 quae
727 828 957 901 metuebantur,
979 825 1081 891 inferri
1094 826 1212 891 debue-

117 937 194 1009 rint,
216 937 362 1002 rationem
381 940 517 1003 idoneam
537 962 595 1004 non
616 941 797 1018 invenimus,
815 961 907 1026 quare
925 942 1030 1004 eadem
1050 941 1087 1003 ab
1108 941 1209 1005 bomi-

118 1052 207 1116 nibus
226 1053 330 1116 similis
347 1052 439 1116 uenus
456 1073 564 1134 genere
582 1054 771 1129 consociatis,
792 1075 851 1119 non
870 1053 1019 1136 potuerint
1038 1053 1155 1137 repelli,
1178 1063 1212 1118 et

117 1185 209 1250 quare
229 1166 305 1230 adeo
321 1165 442 1229 foedera
461 1187 520 1230 non
539 1165 728 1242 suffecerint,
748 1177 781 1230 ut
801 1165 935 1232 homiues
952 1169 1042 1233 etiam
1057 1179 1142 1234 extra
1160 1171 1211 1235 ci-

119 1280 226 1344 vitates
244 1280 435 1343 securitatem
459 1281 515 1343 sibi
534 1281 713 1345 obtinerent.
736 1281 881 1360 Quamvis
897 1282 977 1346 enim
995 1291 1066 1349 tuuc
1082 1285 1213 1368 lmperi-

118 1414 169 1458 um
189 1393 278 1460 civile
295 1415 344 1458 eos
361 1395 400 1458 ad
418 1394 564 1460 servanda
583 1393 705 1459 foedera
726 1417 784 1460 non
802 1395 963 1477 adegisset,
983 1397 1214 1462 tamenutilitas

118 1508 282 1572 communis
298 1509 369 1573 satis
385 1508 536 1592 impellere
546 1508 705 1592 potuisset,
716 1518 750 1572 ut
765 1529 800 1572 ea
811 1510 996 1574 sanctissime
1003 1519 1209 1586 servunculum

118 1621 368 1706 quemadmodum
386 1643 463 1707 quae
480 1632 585 1686 mutua
603 1621 732 1685 utilitate
749 1623 940 1697 sanciantur,
963 1623 1007 1687 ita
1028 1624 1141 1689 servari
1161 1645 1211 1688 so-

119 1735 195 1809 lere,
219 1755 273 1799 nec
293 1738 420 1801 salutem
436 1735 591 1800 bominum
607 1735 697 1799 solius
713 1736 797 1823 pacti
816 1738 962 1827 vocabulo
978 1739 1104 1815 muniri,
1127 1747 1212 1802 recte

120 1851 205 1913 docet
224 1850 286 1934 ipse
305 1871 432 1934 eoruuo.
451 1872 499 1935 op.
519 1850 541 1913 l.
561 1850 613 1914 tth.
632 1850 713 1914 Vlll.
735 1873 761 1916 c.
784 1851 798 1915 l
820 1853 837 1934 §
856 1855 886 1919 9.

163 1964 221 2028 llic
240 1982 310 2031 vero
327 1964 532 2029 subsistamus.
555 1964 692 2029 Forsitan
712 1964 777 2050 quis
794 1976 891 2048 roget,
912 1985 1004 2052 qnare
1024 1973 1086 2028 tam
1108 1963 1161 2027 diu
1178 1962 1213 2027 in

120 2078 292 2164 exponenda
312 2077 462 2141 societatis
478 2077 591 2158 origine
609 2076 716 2141 morati
736 2079 837 2143 simus.
860 2078 951 2143 Ratio
967 2080 998 2143 in
1014 2089 1133 2164 promtu
1151 2088 1211 2143 est.
1234 2065 1235 2068 ¹

120 2191 188 2256 Mox
201 2193 279 2257 euim
297 2194 336 2256 ad
352 2194 510 2277 Imperium
520 2192 607 2257 ciuile
618 2193 823 2268 transibimus,
844 2193 1026 2279 probareque
1036 2194 1214 2258 conabimur

119 2306 194 2370 illud
215 2327 331 2394 quoque
348 2328 367 2370 a
386 2316 495 2371 natura
513 2307 678 2391 profectum
696 2327 770 2372 esse.
792 2307 872 2389 Ergo
890 2308 1023 2393 quaestio
1040 2309 1077 2371 de
1096 2306 1213 2389 origine

119 2418 270 2483 societatis
288 2422 410 2507 ejusque
428 2402 466 2485 ad
479 2421 632 2487 civitatem
648 2420 858 2504 progressionis
876 2421 978 2502 magui
991 2419 1213 2487 nobisvideba·

119 2543 169 2610 tur
191 2537 345 2599 momenti:
374 2556 443 2600 nam
465 2534 517 2599 ubi
539 2534 724 2599 admittimus
743 2536 915 2600 societatem
939 2535 1092 2599 hominum
1111 2537 1209 2620 pactis

121 2648 275 2713 inductam
291 2649 396 2724 luisse,
417 2651 595 2714 senteutiam
613 2659 744 2714 nostram
761 2649 798 2712 de
816 2649 946 2712 naturali
960 2649 1078 2732 Imperii
1095 2650 1212 2732 origiue

121 2785 181 2827 uon
202 2764 329 2848 amplius
347 2764 429 2828 lirmo
446 2773 525 2829 stare
541 2764 747 2837 fundamento,
770 2763 907 2828 lubentes
925 2762 1110 2827 confitemur.

164 2879 192 2942 3.
218 2916 262 2929 —-
283 2878 422 2964 Exposita
441 2877 571 2944 civitatis
585 2875 712 2959 origine,
731 2876 886 2942 videamus
901 2877 938 2941 de
948 2896 1064 2942 summo
1072 2873 1212 2960 Imperio.

122 2990 167 3055 Ex
184 2990 383 3076 superioribus
401 2992 528 3067 scilicet,
552 2990 802 3076 quemadmodum
819 2991 1005 3066 societatem,
1031 2993 1073 3056 sic
1092 3013 1214 3078 quoque

122 3104 275 3169 civitatem
294 3127 311 3169 a
331 3117 438 3171 natura
459 3105 601 3187 originem
620 3105 756 3176 duxisse,
779 3105 965 3189 perspicuum
983 3115 1025 3169 est
1037 3104 1213 3192 (l).rltne·
1253 3173 1257 3182 ,

121 3239 182 3303 que
197 3219 247 3283 lric
266 3220 397 3285 substitit
416 3220 567 3284 humanae
583 3228 709 3283 naturae
726 3216 786 3293 vis,
808 3237 863 3282 nec
883 3228 1023 3284 contenta
1039 3218 1096 3284 tuit
1115 3219 1215 3284 bomi-

122 3357 191 3401 nem
218 3334 257 3399 ad
284 3334 411 3400 bominis
432 3335 604 3398 societatem
619 3340 726 3396 mutrra
744 3331 877 3416 rapuisse
896 3333 1042 3405 utilitate:
1059 3342 1215 3416 praeterea

121 3449 216 3514 voluit
235 3438 277 3513 s'ic
293 3470 395 3514 eorum
410 3448 648 3528 conjunctionem
667 3446 795 3519 efficere,
818 3454 852 3509 ut
869 3446 1030 3528 perdurare
1048 3467 1102 3511 nec
1123 3446 1215 3511 facile

120 3563 249 3630 convelli
274 3572 326 3627 aut
355 3564 429 3631 solvi
456 3571 565 3647 posset.
599 3562 628 3625 Is
649 3581 719 3628 vero
738 3558 909 3634 convictus,
927 3557 958 3622 in
975 3579 1065 3646 quem
1081 3559 1143 3638 jam
1158 3581 1216 3624 suo
1267 3600 1270 3605 <

141 3793 178 3850 (l)
194 3789 223 3838 In
248 3804 321 3852 quam
346 3789 490 3838 sententiam
507 3801 607 3852 quoque
624 3788 709 3836 efferre
725 3786 799 3845 licet,
824 3788 889 3851 quod
912 3787 987 3836 babet
1005 3785 1227 3838 tenerenturne.

109 3895 132 3945 t.
147 3895 172 3947 7.
189 3902 215 3945 et
230 3879 358 3946 smum
372 3869 458 3943 πόλις
473 3871 565 3953 φύσει
581 3871 675 3942 ἔστιν,
691 3869 773 3948 e’lurep
790 3867 841 3932 uui
856 3869 890 3932 ul
903 3872 1019 3947 πρῶται
1030 3867 1174 3932 κοινωνίαι
1186 3905 1231 3918 --

108 3996 135 4039 et
158 3989 236 4044 Petit.
259 3989 304 4040 tlt.
330 3991 363 4039 4:
387 3969 480 4053 Φύσει
504 3968 561 4048 μέν
583 3970 667 4034 ἐστιν
688 3966 838 4046 ἄνθρωπος
860 3971 937 4045 Ζῶον
959 3966 1125 4033 πολιτικὸν·
1141 3983 1222 4040 Quem

59 4084 65 4095 ‘
107 4081 191 4131 locum
207 4089 250 4133 aut
265 4083 340 4134 alium
357 4084 415 4133 buic
431 4083 533 4133 similem
550 4082 679 4132 attendisse
695 4080 789 4128 videtur
805 4090 854 4130 cru.
870 4067 901 4128 do
916 4078 984 4143 finib.
995 4079 1025 4130 V.
1038 4075 1080 4131 23.
1096 4077 1138 4125 ubi
1151 4076 1230 4123 dicit:

114 4186 211 4229 enatura
228 4180 331 4231 hominis
347 4179 383 4229 uic
399 4181 513 4241 generata
529 4179 581 4229 ert,
598 4178 626 4222 ut
636 4171 724 4223 babeat
733 4172 850 4238 quiddam
867 4173 978 4224 innatum
995 4169 1230 4236 quusics'oilealquo

106 4272 256 4338 impulere,
272 4270 340 4334 quod
355 4270 440 4321 Graeci
457 4247 611 4316 πολιτικὸν
630 4273 742 4320 vocante.
