2806 5324
687 398 743 474 99

202 563 350 638 Caeteros
374 592 450 658 qnos
465 573 544 642 forte
563 575 712 643 Nobilitas
727 575 820 642 subiit
836 575 1017 643 mutationes
1033 576 1153 643 silentio
1172 576 1258 662 proe-

153 684 355 772 termittimus
379 697 409 753 et
433 679 535 754 stetim
565 692 604 755 ad
633 690 777 758 hodierna
794 700 928 776 tempora
947 690 1126 757 accedimns.
1146 691 1261 777 Nempe

154 793 254 863 hodie
278 800 421 867 nobilitas
446 803 618 871 indistincte
644 814 707 871 lom
721 805 759 870 ob
779 807 935 881 bellicam,
958 826 1051 891 quam
1071 804 1109 870 ob
1127 813 1260 888 togatam

154 912 305 980 virtutem
323 938 342 980 a
359 916 482 982 Summo
496 918 627 1004 ¹imperio
644 918 806 985 consertor.
826 920 961 1005 Utroque
981 930 1082 985 sutem
1091 919 1255 992 Nobilitas,

157 1030 372 1096 senatoriae
399 1032 559 1108 militaris,
589 1053 682 1098 unum
711 1057 818 1120 corpus
845 1033 991 1109 efficiunt.
1011 1044 1041 1100 et
1063 1036 1094 1102 in
1111 1035 1258 1120 plerisque

152 1143 338 1212 eiulatibus
358 1144 444 1228 quasi
464 1145 687 1212 confunduntur
698 1145 820 1212 incerto
831 1145 1259 1232 quodamcollegioocollegio

156 1259 262 1344 populi
279 1258 398 1338 juribus
414 1268 445 1325 et
460 1258 623 1327 bonoribus
642 1261 730 1344 plane
749 1261 876 1329 diverso.

143 1359 145 1364 ’
203 1373 301 1439 Porro
322 1395 384 1440 noo
405 1375 532 1457 emplius
554 1373 677 1439 Nobiles
699 1373 811 1439 directe
822 1375 861 1440 ad
876 1374 1036 1442 militarem
1048 1376 1166 1462 operam
1180 1376 1258 1441 obli-

154 1495 291 1572 gnnlur‚
309 1487 401 1573 quio,
428 1489 571 1572 abrogato
594 1488 659 1568 jure
681 1488 813 1566 feudali,
837 1513 897 1556 non
919 1491 1257 1576 empliuspraediapos·

155 1601 279 1677 sidunt,
301 1600 341 1665 ob
359 1623 485 1688 quorum
499 1605 712 1689 possessionem
731 1604 876 1684 ejusmodi
892 1626 966 1671 onus
984 1607 1021 1670 iis
1029 1605 1120 1690 possit
1129 1603 1257 1688 imponi;

155 1735 215 1785 uec
243 1709 406 1800 praetereo
430 1718 521 1783 etium
549 1716 693 1783 hodierna
716 1718 893 1784 societatum
920 1719 1107 1805 politicarum
1126 1717 1259 1785 conditio

154 1828 250 1904 sirit,
269 1839 304 1894 ut
325 1850 429 1896 eorum
449 1831 494 1898 tis
509 1831 629 1916 publice
647 1831 801 1898 delensiva
818 1851 967 1898 armorum
982 1832 1137 1898 riutslur.
1148 1832 1259 1898 Verum

153 1943 229 2009 licet
248 1944 400 2010 Nobilitas
416 1945 591 2031 plerumque
612 1968 672 2011 nou
689 1945 816 2031 emplius
834 1966 940 2032 corpus
951 1945 1103 2029 quoddam
1112 1954 1261 2009 armatum

154 2056 287 2133 efficiat,
307 2080 368 2125 nou
386 2057 493 2126 desinit
511 2069 612 2127 tamen
628 2080 692 2126 esse
705 2059 830 2133 militia,
857 2059 879 2123 i.
898 2079 925 2123 e.
950 2058 995 2125 uis
1011 2057 1130 2144 publice
1149 2058 1257 2124 deien-

154 2171 246 2248 εἰη,
268 2171 356 2250 cujus
368 2171 479 2239 ‘munus
498 2183 543 2240 est
560 2174 720 2239 defendere
738 2195 773 2239 ac
791 2192 969 2240 conservare
988 2172 1256 2258 civitatemoperi-

154 2289 235 2354 culis
261 2287 398 2352 internis.
429 2287 569 2354 laternae
592 2309 663 2355 vero
688 2283 818 2354 civitatis
836 2289 939 2352 ruinae
967 2286 1116 2371 duplicem
1134 2308 1256 2353 causam

151 2421 221 2469 esse
247 2400 393 2477 vidimus,
416 2403 465 2470 rel
489 2403 723 2488 oppressionem,
751 2424 829 2491 quae
857 2401 1055 2467 aMouarcha
1072 2403 1104 2467 in
1121 2402 1256 2468 subditos

143 2525 333 2593 exercetur.
356 2519 406 2587 vel
427 2518 618 2585 rebellionem
637 2519 766 2604 ipsorum
785 2517 1257 2612 subditorum‘edversusllonar·

152 2631 259 2698 cham.
283 2633 436 2699 Nobilitas
457 2635 578 2719 utrique
599 2632 731 2717 periculo
753 2631 1014 2707 occurritznam,

200 2745 248 2812 1⁰.
270 2748 409 2815 subditos
426 2746 465 2813 ab
484 2747 669 2832 oppressione
684 2754 785 2811 tuetur
802 2745 857 2810 hoc
874 2743 938 2832 ipsu
956 2744 1037 2833 quod
1053 2743 1142 2811 adsit.
1160 2743 1255 2809 Nobi-

150 2863 243 2932 litate
272 2863 373 2938 enim,
401 2868 542 2949 quaeest
569 2882 675 2946 corpus
693 2858 901 2954 interjectum,
925 2867 1055 2944 potestas
1072 2856 1255 2923 Monarchae
1382 2881 1385 2885 ¹

152 2993 264 3051 revera
291 2973 451 3047 limitatur.
482 2975 558 3041 Eam
584 2975 688 3039 tollere
714 2994 774 3037 non
802 2973 903 3048 volet,
926 2973 1034 3058 quippe
1058 2993 1135 3058 qnae
1154 2992 1206 3058 per
1223 2991 1256 3036 se

151 3106 302 3184 perpetuo
320 3095 424 3169 adest,
449 3101 479 3156 et
500 3110 578 3177 qnae
594 3089 718 3173 perinde
741 3109 776 3153 ac
798 3088 861 3173 ipse
878 3086 1041 3153 Monarcho
1057 3086 1141 3151 firmo
1159 3096 1189 3150 et
1207 3085 1256 3148 in·

145 3208 293 3297 eiulabili
313 3209 435 3279 tinnulo
452 3226 521 3272 oum
539 3214 601 3270 toto
619 3223 740 3289 corpore
758 3200 1047 3267 civitatisoohoeret.
1063 3200 1183 3285 Legisse
1193 3217 1257 3264 me·

149 3325 230 3392 mini
253 3318 292 3390 'in
319 3344 408 3410 opere
437 3325 589 3411 quodam,
621 3321 701 3408 quod
730 3320 767 3384 de
784 3337 883 3383 rerum
901 3316 1091 3381 conversione
1108 3313 1255 3380 Francica

150 3439 360 3524 conscriptum
386 3443 459 3504 erle
480 3435 514 3504 V
510 3459 564 3502 ores
590 3435 693 3502 eunden
721 3429 852 3500 de'truire
868 3431 900 3495 lo
918 3427 1076 3505 Nollesse,
1102 3427 1195 3494 disou'l
1215 3451 1256 3492 uu
1383 3501 1385 3508 y

153 3551 233 3618 »des
252 3549 415 3642 corypdics
432 3548 471 3615 de
487 3551 518 3615 iu
534 3546 696 3616 resolution
715 3543 888 3635 francona
911 3565 980 3612 sous
999 3544 1257 3632 n’ysongeopus.;

152 3687 223 3734 »on
239 3689 280 3732 ne
297 3663 411 3731 dont
426 3687 483 3752 pos
500 3666 531 3730 lu
549 3663 709 3738 Numeros,
733 3648 787 3749 poi
803 3667 848 3726 eol
865 3683 906 3724 un
924 3661 989 3724 elue
1004 3661 1119 3750 morri,
1141 3678 1178 3720 ce
1192 3659 1273 3735 soret.

151 3781 225 3847 »let
246 3779 359 3847 Nobles
377 3777 452 3866 qu'd
466 3778 536 3867 foul
555 3776 714 3843 delrur're»
736 3775 793 3861 (l).
818 3775 926 3839 Fertur
935 3792 1147 3842 monterone,
1159 3785 1258 3832 comes

148 3894 293 3963 Vesunee
315 3891 539 3982 (Ρενίςιωια),
565 3911 633 3956 cum
650 3910 733 3954 nuso
753 3909 897 3954 enrnrrus
909 3934 918 3962 ‚
930 3886 1114 3951 Francorum
1123 3879 1256 3954 Rex‚ad

147 4030 223 4077 eum
243 4010 397 4084 misisset,
429 4029 469 4073 ne
496 4007 615 4095 lougius
639 4004 787 4071 obsideret
806 4002 945 4067 Turones
960 3998 1101 4086 (Turro),
1125 4013 1254 4095 eumque

143 4146 205 4213 per
230 4126 357 4190 modum
388 4122 584 4189 incusationis
607 4127 758 4203 rogasset,
783 4116 849 4204 quis
877 4135 946 4180 eom
964 4113 1103 4180 comitem
1122 4109 1255 4185 lecerat,

170 4270 214 4338 (l)
233 4269 349 4321 Dmier
374 4267 472 4318 toileoo
494 4267 525 4315 de
541 4264 619 4317 Poris
633 4279 663 4315 ott
676 4259 755 4313 tetro
771 4260 908 4326 lictorique
926 4258 957 4308 de
977 4258 1003 4307 le
1018 4253 1157 4307 re'oolutt'os
1179 4253 1214 4304 dtr
1234 4253 1271 4302 ll)

134 4362 205 4419 Acts
225 4363 288 4417 tter
302 4399 310 4428 ,
326 4377 372 4431 por
388 4375 412 4410 r·
431 4369 547 4409 rrnrrsn.

1125 4816 1390 4964 15585713
