2806 5324
663 397 741 477 109

96 574 100 641 i
158 587 251 647 staret
274 581 432 670 Ipsumque
448 587 607 653 conuitium
629 611 734 656 nornen
756 589 905 658 Ordinum
913 588 1242 678 Generoiiumanc'epit.

104 740 107 745 ·
191 697 372 776 Caeterum,
392 700 448 765 eui
463 715 717 787 supramemorrta
733 707 853 772 'comitia
871 706 903 772 in
920 707 1093 774 monarchia
1107 727 1244 773 neceesa-

146 812 191 877 rio
216 833 254 877 er
279 813 343 898 ipsa
373 814 440 894 ejus
467 825 576 882 natura
594 819 709 891 ,haberi
735 821 881 895 debeant,
909 820 953 887 uti
978 842 1045 886 mox
1071 819 1245 902 in-eioguiia

141 929 478 1014 separatim-dicemus,
500 934 673 1014 congregari
695 942 795 999 tamen
820 955 879 999 uon
900 943 1020 1019 possunt
1042 933 1098 1002 nisi
1116 935 1153 998 ad
1173 955 1244 998 eon·

143 1045 334 1110 vocationem
360 1042 562 1121 monarchae,
589 1067 608 1110 a
635 1068 702 1135 quo·
722 1048 843 1112 dissolri
869 1069 986 1134 quoque
1012 1049 1132 1115 debent.
1165 1048 1245 1112 Narn

140 1157 170 1222 si
186 1159 345 1223 soneiones
362 1148 510 1238 ejunirodi
525 1160 644 1226 assiduo
660 1172 690 1226 et
710 1170 854 1249 perpetuo
872 1160 1071 1237 haberentur,
1093 1183 1152 1229 uon
1181 1183 1245 1226 arn-

141 1271 224 1358 plius
248 1275 479 1341 constitueretur
503 1276 696 1349 monarchia,
723 1277 754 1340 in
779 1295 840 1362 qua
864 1297 942 1345 uuna
962 1296 1130 1362 supremam
1154 1277 1247 1343 totins

140 1387 278 1457 civitatis
296 1399 473 1475 potestaten
493 1398 622 1466 teneret,
646 1390 701 1457 sed
724 1390 910 1463 aristocratia
931 1392 1097 1476 quaedam,
1125 1411 1162 1456 ex
1184 1390 1245 1475 pri·

143 1503 227 1572 vatis
243 1508 454 1573 nonnullorum
474 1506 742 1592 potestatibussibi
767 1505 895 1577 invioeru
924 1504 1100 1591 aequalibus
1122 1525 1247 1590 compo·

123 1611 223 1694 sita,
240 1628 279 1683 et
303 1619 335 1684 in
360 1641 420 1706 qna
447 1622 548 1706 piures
569 1621 759 1708 paucioribus
783 1621 975 1707 imperarent.
997 1619 1089 1687 Addo
1110 1629 1141 1685 et
1168 1611 1246 1687 hor:

144 1733 220 1820 quia
237 1733 373 1800 diversae
389 1736 478 1803 nnius
493 1737 624 1803 eivitatie
642 1738 813 1824 prouinciae
831 1738 873 1803 ite
890 1737 1048 1817 subjacent
1065 1733 1248 1804 Monarolree

145 1850 301 1934 regimini,
324 1859 358 1917 ut
382 1861 490 1916 neutra
510 1852 543 1943 in
566 1855 691 1919 alterurn
713 1854 876 1941 quidquam
899 1853 1014 1939 imperii
1037 1852 1168 1927 unsar.
1191 1870 1247 1915 nee

145 1965 274 2052 proinde
294 1984 331 2029 er
349 1985 403 2031 sua
428 1967 607 2032 auctoritato
633 1969 763 2054 reliquas
787 1974 953 2035 convocare
979 1969 1089 2053 poenite
1112 1977 1142 2031 et
1165 1965 1249 2050 (lieet

146 2081 218 2147 taiir
249 2091 431 2169 murentur,
460 2081 512 2166 qui
530 2080 708 2147 nniversam
734 2083 909 2152 serietatem
933 2090 1152 2168 repraesentet,
1188 2102 1249 2147 nou

137 2195 239 2261 'indie
261 2204 468 2281 praesumatur
487 2196 600 2282 aliquid
618 2216 724 2278 agere,
743 2198 821 2284 qnod
840 2198 880 2263 ad
897 2198 945 2263 rei
964 2195 1104 2284 pnbtirse
1122 2199 1249 2263 salutem

146 2332 209 2379 nou
226 2311 407 2398 pertineat),
429 2310 501 2399 quia
520 2311 702 2377 fieri'tarnen
721 2321 843 2396 potest,
861 2321 897 2377 ut
916 2310 948 2378 in'
968 2290 1250 2397 ipsisdeiiberatio·

145 2426 238 2492 nibus
254 2426 446 2500 ambitiones,
463 2424 604 2504 iniuriae,
624 2429 771 2493 tumuitus
788 2430 937 2509 oriantur,
958 2428 1067 2514 quibus
1086 2427 1249 2512 reprimen-

135 2541 196 2607 dis
215 2550 299 2607 totus
317 2541 379 2626 ipse
400 2561 553 2607 consessus
569 2540 671 2626 dispar
689 2542 727 2606 sit
738 2591 751 2618 .
764 2544 857 2608 :eccui
881 2545 1058 2627 megistum
1079 2561 1252 2608 oouvonan-

148 2659 274 2735 dorurn,
290 2657 627 2725 tum'dirroirendorum
644 2644 834 2723 comitiorum
847 2658 1148 2733 curaru'triiruenrus,
1161 2674 1251 2742 quum

141 2772 205 2859 ⁴ipsi
224 2772 287 2848 iili,
303 2772 434 2857 'qui-toti
456 2772 667 2838 civitati-curn
681 2774 808 2858 Imperio
828 2774 972 2858 praeest?

193 2887 332 2954 Tandem
351 2905 471 2971 quoque
496 2886 528 2952 in
553 2909 663 2971 magno
680 2888 734 2953 iiio
750 2887 851 2970 gentis
862 2886 999 2952 oonsilio
1017 2885 1119 2953 rarior
1134 2886 1253 2950 ordines
1322 2863 1326 2871 .

148 3003 232 3067 inter
249 3021 280 3067 se
300 3001 488 3065 nullomodo
505 3001 646 3067 confundi
668 3014 794 3087 oportet.
826 3003 893 3091 Non
921 3003 999 3066 enim
1024 3003 1165 3073 naturale
1188 3009 1250 3075 eat,

149 3124 184 3182 ut
205 3115 399 3201 professiones
427 3116 543 3182 ratione
568 3117 656 3182 officii
673 3117 714 3181 nh
730 3119 797 3184 aliis
816 3116 975 3183 distinctae
993 3137 1062 3182 eurn
1076 3117 1151 3202 ipeie
1174 3116 1254 3192 iilis,-

150 3251 171 3296 a
191 3223 302 3315 quibus
323 3230 773 3313 distinguuntur..eodem'lono
787 3232 966 3298 habeantur.
999 3233 1101 3312 Quare
1119 3222 1194 3295 rilnd
1214 3231 1253 3296 ab

148 3345 237 3411 initio
259 3365 375 3429 semper
396 3345 586 3413 observatum
605 3348 699 3412 duiase
721 3360 847 3416 nouerat.
879 3349 1021 3430 Legimus
1033 3348 1118 3411 ,enirn
1140 3345 1178 3408 de
1199 3366 1252 3414 oo·
1293 3350 1297 3359 '

150 3437 244 3525 tenni
268 3479 405 3524 consessu
422 3459 495 3525 00.
512 3460 587 3528 ¹00.
613 3464 673 3529 sub
703 3484 840 3527 rorrrrro
868 3472 1006 3526 runcano
1038 3458 1254 3524 habitor'eles

151 3575 260 3641 »deux
282 3574 383 3641 ordrer
404 3578 518 3643 etaient
539 3578 640 3663 pianes
661 3594 775 3643 suren
796 3576 914 3643 the'itre
936 3576 996 3642 tort
1014 3577 1163 3646 elevet-is
1180 3576 1252 3641 troi-

149 3693 245 3759 aidme
267 3694 355 3758 ordre
375 3693 449 3757 erait
472 3693 546 3757 assis
567 3713 621 3776 par
643 3692 795 3779 hennil).
842 3744 845 3751 .
877 3726 883 3743 ι

162 3848 166 3856 -
195 3807 333 3873 Vidimus
352 3816 453 3871 autern
472 3807 627 3893 hucusque
642 3808 956 3892 de=eonvonandis2et
976 3807 1150 3872 ordinandis
1160 3805 1254 3872 nouri-

149 3922 201 3987 tiis
212 3960 228 3997 ‚·
240 3923 399 3989 videamus
415 3945 513 3997 nuno,
532 3922 641 4007 quibus
661 3923 691 3986 in
711 3923 800 4005 rebup
812 3923 942 3990 ciuitatis
949 3923 1043 3988 totiu's
1053 3931 1153 4007 partes
1162 3907 1255 4001 agere

148 4036 294 4103 debeant.
323 4037 410 4116 Quae
436 4038 557 4124 quidem
587 4037 703 4103 ndtrio
720 4038 822 4123 oapita
841 4039 976 4104 muooari
996 4034 1255 4122 possunt·=Oeou·

147 4163 260 4240 pautur
280 4152 366 4217 ›eniru
386 4151 516 4220 Ordines
535 4153 582 4219 uel
605 4152 662 4237 ir.)
675 4152 712 4217 in
728 4149 1086 4226 odoriseonceaeodur
1101 4152 1149 4221 vel
1171 4151 1253 4237 Μ.

169 4305 217 4372 tt)
234 4290 381 4371 idioten,
399 4304 486 4374 abripi
505 4284 693 4374 curtiotoptqor
704 4278 880 4357 'ddi'tr'isto‘ira'
897 4299 927 4356 de
944 4271 1062 4373 diones}
1080 4304 1112 4357 Τ.
1121 4281 1201 4372 ilhpl
1214 4296 1270 4360 did.

139 4400 217 4463 (eutr.
239 4397 327 4462 rotor.
616 4408 620 4417 ·
817 4415 819 4419 ’
851 4406 857 4415 ·
914 4411 918 4415 ·
1097 4412 1123 4427 “·
1218 4390 1236 4424 ”
