2806 5324
747 358 797 437 to

228 550 307 615 tione
323 530 436 614 'socom
465 549 542 634 regis
561 557 706 617 statutum
725 561 779 618 est.
803 549 947 631 Quamvis
964 551 1061 626 enim,
1082 536 1148 631 jure
1168 562 1219 617 aut
1237 551 1321 634 iniu‘

154 745 158 751 ,
228 665 285 736 ria,
307 661 506 727 necessitatem
522 662 625 750 jubere
642 673 809 740 censerent,
827 673 864 729 ut
880 664 1023 750 principio
1036 665 1240 748 derogaretur,
1257 691 1320 734 non

228 786 327 840 tamen
347 776 525 851 voluerunt,
545 786 578 841 ut
596 776 671 842 baec
690 777 843 860 derogatio
860 785 1003 861 tanquam
1015 779 1119 860 regula
1129 788 1160 842 et
1172 802 1321 846 novarum

228 890 422 956 rebellionum
447 909 538 952 causa
565 890 790 967 admitteretur,
812 892 862 957 sed
881 911 949 955 eam
966 892 1061 955 multa
1078 892 1237 976 prudentia
1254 894 1321 960 dis-

226 1004 473 1077 simularunt,=ut
489 1001 531 1066 sic
548 1003 725 1089 principium
746 1006 883 1088 generale
895 1003 984 1069 etiam
995 1004 1202 1070 confirmarent
1213 1007 1320 1090 magis.

228 1117 310 1191 lmo,
331 1117 378 1196 jus
395 1136 493 1198 regem
510 1119 666 1182 coercendi
686 1118 742 1184 sibi
763 1119 845 1183 nulla
862 1116 977 1183 ratione
997 1128 1164 1203 competere
1182 1120 1321 1197 judican-

228 1240 289 1306 tes,
317 1232 505 1306 maluerunt,
535 1254 594 1319 quo
619 1233 710 1296 tutior
739 1241 840 1317 postea
860 1241 936 1297 esset
956 1233 1078 1298 libertas
1094 1234 1224 1309 civium,
1243 1256 1324 1302 nova

228 1344 405 1433 limitatione
429 1345 565 1428 restringi
594 1352 769 1429 potestatem
795 1345 925 1427 regiam,
953 1346 1087 1411 cavendo
1103 1346 1235 1421 scilicet,
1254 1367 1324 1413 «ne

232 1458 320 1523 »ulla
342 1457 475 1522 remissio
498 1456 662 1544 (portion),
694 1479 804 1542 magno
826 1457 954 1541 Angliae
984 1460 1081 1543 sigillo
1102 1454 1237 1542 signata,
1269 1480 1325 1546 per

231 1571 378 1637 omodum
394 1572 572 1656 exceptionis
589 1574 696 1657 opponi
712 1573 804 1658 possit
816 1574 959 1640 adversus
971 1575 1191 1640 accusationem
1203 1596 1221 1638 a
1233 1572 1325 1640 Com·

232 1711 248 1749 o
256 1684 397 1748 munibus
419 1685 450 1749 in
473 1686 697 1752 Parlameutum
719 1687 907 1771 congregatis
930 1687 1135 1753 institutam.»

273 1801 321 1865 3⁰.
343 1798 545 1879 Tandemjus
564 1804 670 1865 novam
689 1801 928 1866 constitutionem
940 1802 1061 1867 creandi
1072 1805 1192 1870 omnino
1202 1808 1327 1889 quoqne

230 1915 426 1998 abnegarunt.
448 1917 517 1981 Non
536 1917 617 1981 euim
633 1936 752 2002 operam
772 1916 855 1980 dedit
871 1915 1107 1992 Parlameutum,
1129 1918 1258 1983 uthans
1275 1917 1327 1997 ju·

229 2031 306 2096 rium
326 2029 557 2095 declarationem
576 2039 719 2115 tanquam
736 2044 845 2096 novam
864 2029 961 2111 legem
980 2030 1187 2106 constitueret,
1205 2031 1256 2096 sed
1271 2046 1326 2115 ag·

230 2147 313 2213 novit
332 2145 432 2211 omnia
451 2145 503 2210 illa
521 2145 603 2224 jura,
625 2148 704 2230 quae
722 2153 784 2209 tam
801 2128 934 2228 expresse
951 2143 1205 2221 memorabantur,
1223 2147 1257 2212 in
1268 2167 1326 2212 an·

228 2262 313 2346 tiqua
341 2260 459 2345 imperii
489 2260 585 2325 lorma
614 2260 843 2324 [undamentum
875 2258 1026 2325 babuisse.
1049 2261 1174 2343 Legitur
1191 2260 1273 2325 enlm
1292 2261 1327 2326 in

229 2394 283 2449 ea,
314 2396 329 2434 o
342 2394 374 2440 se
393 2373 616 2458 diligentissime
640 2372 830 2458 inquisivisse
846 2373 989 2448 modum,
1009 2394 1070 2458 quo
1088 2375 1196 2460 optime
1213 2372 1328 2440 consti-

233 2484 332 2552 otutio
356 2487 461 2573 aliqua
489 2485 670 2573 efficeretur,
701 2507 780 2572 quae
799 2488 970 2570 religionem
990 2497 1119 2553 suamet
1137 2489 1216 2570 leges
1234 2497 1264 2552 et
1284 2487 1326 2552 li-

233 2599 404 2664 »bertatem
429 2600 467 2665 ab
495 2601 575 2666 omni
605 2603 791 2684 aggressione
818 2611 970 2677 tueretur;
986 2629 1001 2666 o
1023 2639 1065 2654 -
1083 2601 1191 2666 deinde
1208 2600 1248 2664 ad
1266 2599 1327 2675 hoc

231 2715 448 2800 assequendum
469 2713 612 2799 optimum
630 2735 692 2780 esse
712 2717 833 2792 dicunt,
855 2739 870 2776 u
883 2717 1001 2794 lacere,
1024 2716 1274 2800 quemadmodum
1292 2713 1326 2779 iu

234 2855 250 2893 o
260 2825 377 2893 casibus
397 2824 542 2892 similibus
560 2829 659 2894 lacere
678 2831 815 2895 solebant
831 2829 957 2917 majores
976 2827 1071 2894 nostri
1088 2829 1126 2894 ad
1142 2828 1327 2896 vindicanda

148 2980 152 2987 ·
234 2943 385 3026 »antiqua
409 2962 464 3006 sua
484 2942 551 3022 jura
578 2953 608 3008 et
629 2936 936 3018 libertates3'scilicet
955 2943 1183 3017 declarare.....;
1199 2969 1216 3007 o
1230 2980 1272 2992 —
1289 2962 1328 3006 ac

160 3060 162 3069 '
233 3053 355 3119 tandem
376 3054 490 3138 Regem
509 3066 538 3120 et
556 3057 703 3140 Reginam
722 3059 936 3142 deprecantur,
959 3079 975 3116 n
988 3065 1021 3121 ut
1040 3040 1208 3122 declarbtur
1224 3065 1256 3120 et
1273 3055 1328 3134 jn-

236 3165 386 3243 »beatur,
409 3167 509 3234 omnio
528 3177 558 3233 et
575 3169 698 3258 singula
718 3170 785 3250 jura
806 3180 835 3234 et
853 3171 1024 3245 libertates,
1046 3171 1077 3233 in
1098 3169 1155 3234 bac
1174 3169 1239 3251 lege
1258 3189 1329 3232 me·

235 3310 251 3347 o
263 3294 378 3350 morata
395 3293 426 3349 et
445 3285 619 3361 declarata,
641 3293 730 3360 vera,
750 3283 877 3372 antiqua
894 3293 924 3348 et
942 3283 1112 3348 indubitata
1130 3303 1192 3347 esse
1210 3282 1276 3360 iura
1296 3292 1328 3347 et

236 3397 413 3464 »libertates
431 3400 532 3485 populi
553 3398 697 3484 regnique
721 3396 784 3477 (tlte
804 3405 887 3473 true,
917 3395 1037 3463 ancient
1057 3385 1122 3461 'anot
1145 3394 1328 3463 indubdable

236 3507 359 3597 »rights
380 3512 444 3577 ond
464 3504 655 3600 liberties'of
671 3512 719 3578 tte
741 3514 843 3600 pcople
866 3511 930 3578 oud
951 3509 998 3576 the
1020 3508 1219 3600 kingdom.»

277 3624 336 3689 Sed
353 3625 441 3702 linio;
459 3629 575 3712 longius
593 3629 671 3691 enim
692 3647 845 3712 progressa
862 3635 907 3690 est
924 3627 1020 3690 oratio
1040 3646 1129 3711 quam
1145 3626 1226 3711 prius
1244 3629 1329 3710 cogi·
1361 3711 1364 3715 Ι

213 3743 314 3819 tavi,
339 3752 369 3807 et
394 3742 476 3806 satis.
494 3740 711 3806 demonstrasse
729 3741 858 3815 conlido,
878 3739 1043 3805 doctrinam
1062 3741 1098 3804 de
1124 3741 1248 3806 Summo
1265 3742 1329 3808 lm-

234 3859 315 3944 perio
333 3877 422 3942 penes
438 3857 578 3940 populum
593 3857 669 3921 inter
684 3857 839 3921 seditiosas
856 3857 1022 3941 opiniones,
1042 3875 1119 3942 quae
1127 3856 1166 3919 ad
1177 3856 1330 3921 internam

112 3990 133 3998 “·
232 3970 362 4039 civitatis
389 3989 560 4054 compagem
587 3970 760 4036 solvendam
787 3960 925 4043 faciunt,
951 3970 1137 4036 referendam
1157 3989 1238 4042 esse;
1265 3989 1329 4055 qua

185 4095 187 4098 ⁴
231 4086 344 4151 seilicet
364 4085 421 4151 boe
441 4094 559 4151 tautum
577 4084 719 4159 efficitur,
741 4093 774 4148 ut
795 4084 900 4149 cristas
919 4085 1032 4169 erigere
1056 4084 1181 4171 incipiat
1200 4086 1327 4169 vulgus,
1392 4160 1395 4165 ,

233 4207 265 4262 et
281 4200 416 4265 lesistere
435 4201 531 4267 discat
550 4199 694 4286 imperio,
715 4200 805 4264 eliam
828 4220 888 4266 non
905 4199 1015 4286 iniquo.
1034 4199 1124 4280 Quod
1147 4221 1206 4286 quo
1224 4198 1328 4284 reipu-

231 4313 327 4379 blicae
343 4313 420 4383 bono
436 4316 504 4393 liat,
523 4324 567 4383 tot
587 4314 720 4382 omniurn
739 4314 926 4381 saeculorum
944 4315 1052 4381 docent
1071 4319 1213 4404 exempla
1242 4315 1328 4396 Quin
