2806 5324
674 380 731 465 eu

146 587 204 632 non
235 566 292 631 nisi
324 586 394 634 raro
421 564 494 632 viris
526 570 642 652 magnis
669 592 742 656 opus
769 577 814 634 est
840 565 904 654 (l);
931 565 1023 631 bonos
1037 584 1122 634 ⁴vero
1142 559 1249 657 reges,

145 700 239 766 aeque
261 701 296 745 ac
319 680 349 745 in
372 683 498 747 caeteris
520 684 750 770 professionibus
777 685 856 753 uiros
882 680 1065 764 utiles.'per
1091 681 1256 769 liberalem

71 856 74 865 ,
144 796 328 861 educationis
349 795 472 860 modum
494 799 551 862 sibi
574 800 637 884 ipsa
659 801 795 864 obtinere
817 796 927 883 optime
950 804 1055 882 potest.

80 950 88 960 -
188 914 353 978 3.-1110.
372 907 1254 1001 Atialexfundamentalismcnarchiaeest,utsint'odmi-

145 1027 236 1094 ruistri
249 1027 322 1095 sire
343 1035 554 1115 procuratores
577 1026 721 1117 imperii,
738 1027 792 1123 qui
803 1026 890 1116 jusso
906 1023 1093 1093 Monarchoc
1115 1025 1159 1091 ud
1179 1027 1255 1094 snb·

145 1126 222 1208 ditos
242 1143 399 1232 deferant.
725 1121 730 1131 ι

189 1258 265 1322 Cum
295 1260 375 1324 enim
404 1257 575 1326 Mouorctre
595 1257 685 1324 simul
708 1257 799 1323 etiam
821 1255 906 1322 homo
927 1256 984 1331 sit,
1008 1276 1140 1345 cumque.
1157 1255 1253 1322 homo

144 1383 174 1437 et
193 1373 358 1440 Monarcha
375 1395 437 1438 una
458 1375 623 1460 eademqne
650 1364 775 1459 persona
800 1371 1009 1437 contineantur
1031 1390 1086 1436 nec
1113 1371 1151 1436 ab
1169 1371 1252 1439 inri-

145 1509 210 1553 cem
232 1489 363 1575 separari
385 1499 512 1576 queant,
536 1488 691 1559 iudeiieri
714 1507 927 1573 nonnunquam
944 1494 1060 1571 potest,
1079 1497 1114 1552 ut
1130 1490 1253 1574 privata

145 1603 301 1681 voluutas,
326 1625 404 1690 quae
424 1603 554 1669 hominis
572 1611 635 1676 est,
656 1602 855 1673 substituatur
874 1600 1022 1669 voluntati
1049 1605 1184 1685 generali
1206 1606 1252 1670 ci-

145 1718 261 1794 vitatis,
283 1721 369 1800 enjus
389 1719 562 1783 exercitium
583 1715 750 1797 monarcha
769 1725 824 1781 est.
847 1713 893 1807 dc
912 1715 982 1802 quia
1000 1717 1124 1802 quaevis
1141 1719 1252 1784 volun-

144 1838 191 1922 tas
208 1851 259 1915 per
278 1841 455 1916 potestatem
473 1833 622 1918 aliquam,
639 1841 669 1905 et
684 1831 809 1916 quaeris
824 1839 953 1915 potestas
968 1831 1095 1917 pervim
1113 1832 1252 1918 aliquam

144 1943 273 2008 exerceri
292 1946 401 2022 debet,
421 1948 491 2015 iude
512 1948 589 2016 velte
607 1934 821 2034 potest'homo
840 1946 891 2011 ille
912 1947 1063 2031 privatam
1081 1967 1174 2021 suam,
1191 1926 1258 2014 uro-⁴

143 2061 290 2127 luntatem
314 2083 365 2149 per
384 2062 538 2147 privatam
551 2068 729 2147 potestatem
751 2081 856 2141 suam,
879 2071 910 2125 et
938 2061 1085 2146 privatam
1111 2071 1252 2148 potesta-

144 2185 203 2241 tem
221 2198 306 2242 suam
323 2196 376 2264 per
392 2178 453 2245 vim
472 2155 623 2269 publicam
638 2197 790 2258 exercere:
806 2176 837 2241 id
853 2177 932 2261 quod
947 2175 1138 2259 tyrannidem
1155 2176 1249 2261 parit.

187 2293 267 2377 Ergo
289 2314 432 2381 personae
455 2291 637 2378 Monarchae
659 2291 805 2358 committi
832 2291 1028 2367 nondebet,
1050 2299 1086 2356 nt
1107 2293 1251 2358 volunta·

114 2485 115 2489 Ἰ
144 2415 204 2471 tem
226 2386 390 2492 privatam,
414 2427 492 2491 quae
518 2406 647 2489 hominis
674 2417 737 2480 est,
763 2427 782 2470 a
811 2407 966 2474 voluntate
993 2402 1144 2489 generalis,
1167 2423 1251 2488 quae

143 2519 326 2594 Monarchae
342 2531 402 2596 est,
420 2521 484 2606 ipsa
504 2521 683 2604 distinguat:
701 2543 772 2587 nam
789 2521 814 2587 si
834 2520 1016 2604 distinguere
1033 2518 1246 2597 easdeberet,

143 2637 234 2702 etiam
252 2636 437 2703 contundere
455 2655 506 2701 eas
524 2644 636 2721 posset,

157 2795 160 2799 -
187 2750 316 2816 Necesse
332 2749 424 2832 igitur
442 2759 507 2825 est,
526 2758 560 2814 ut
579 2748 637 2813 hae
654 2747 934 2832 distinguanturab
954 2749 1038 2835 aliis,
1056 2749 1077 2814 i.
1094 2768 1124 2814 e.
1143 2766 1163 2812 a
1181 2767 1248 2812 cer·

143 2864 182 2929 tis
201 2865 381 2949 quibusdum
398 2854 604 2938 administris,
628 2864 738 2950 quibus
756 2864 911 2947 delegetur
928 2864 1045 2930 functio
1061 2860 1248 2950 exsequendi

69 3045 72 3050 ,
143 2977 224 3057 iussa
241 2979 387 3061 generatis
411 2978 596 3053 voluntatis,
616 2987 646 3042 et
659 3000 796 3064 vquorum
818 2980 947 3044 officium
968 2981 1009 3044 sit
1030 2964 1108 3067 hanc
1131 2996 1249 3062 semper

143 3112 162 3155 a
178 3091 296 3178 privata
314 3093 442 3157 hominis
460 3094 615 3159 voluntate
633 3091 827 3177 distinguere.
1055 3070 1057 3075 ³
1243 3175 1246 3179 .

185 3206 303 3273 Deinde
329 3230 424 3286 vero,
456 3208 529 3294 quia
558 3207 798 3273 administriiiti
826 3218 910 3274 certo
934 3209 1030 3275 officio
1057 3207 1246 3291 funguntur,

142 3344 261 3391 necesse
277 3310 322 3391 est
338 3334 373 3390 ut
390 3323 567 3411 puniantur,
583 3323 699 3407 quoties
710 3306 773 3387 'noc
792 3344 851 3387 non
867 3325 1041 3407 observent3
1057 3332 1087 3388 et
1102 3322 1248 3408 quonism

141 3437 270 3503 officium
285 3439 362 3504 illud
380 3439 411 3503 in
430 3459 466 3503 eo
483 3436 640 3513 consistit,
664 3447 697 3525 ut
716 3438 886 3520 generalem
907 3437 1040 3525 xcivitatis
1058 3439 1250 3507 voluntatem

142 3552 326 3643 distinguant
349 3576 367 3619 a
389 3554 499 3640 privita
526 3551 655 3618 hominis
682 3554 858 3630 voluntate,
885 3563 980 3639 utque
1006 3555 1070 3618 sola
1098 3552 1250 3635 generalis

142 3659 304 3739 uoluntatis
326 3670 406 3749 jussa
423 3678 641 3755 exsequentur,
669 3667 748 3733 hinc.
766 3668 803 3733 de
824 3668 860 3733 iis
881 3669 1027 3749 judicium
1053 3668 1126 3733 ferri
1154 3668 1248 3734 debet

142 3804 161 3850 a
181 3785 323 3868 collegio,
357 3785 402 3849 ad·
428 3783 507 3869 quod
539 3784 666 3869 pertinet
697 3784 832 3848 custodia
845 3858 848 3864 ¹
862 3786 981 3868 legum,
1005 3805 1058 3870 per
1080 3806 1158 3871 quas
1180 3785 1247 3870 ipsa

163 3931 202 3986 (t)
227 3927 300 3976 Multi
324 3926 403 3975 solent
425 3928 496 3990 queri
513 3925 543 3974 de
560 3927 641 3992 inopie
657 3941 800 3989 magnorum
818 3926 937 3975 virorum:
961 3928 1094 3975 nuscuntur
1111 3931 1193 3974 temen
1211 3925 1257 3975 ubi

130 4027 156 4071 et
171 4021 270 4088 quondo
286 4023 423 4072 necessarii
437 4027 502 4071 eunt.
526 4022 625 4080 Quoties
641 4020 706 4069 euim
722 4035 751 4068 ex
767 4020 887 4069 societatis
912 4018 1026 4084 politione
1043 4024 1128 4070 nature
1145 4025 1256 4087 tempore

130 4116 210 4176 grevia
234 4115 364 4175 occidunt,
387 4117 438 4180 ipse
463 4130 564 4179 quoque
587 4130 668 4163 rerum
684 4120 769 4163 nutura
786 4114 849 4162 siros
865 4129 964 4178 mugnus
981 4129 1109 4177 exsurgere
1126 4114 1195 4166 tecit.
1211 4115 1256 4166 We

132 4221 236 4273 mugnus
260 4225 328 4270 vero,
355 4209 400 4272 qui
422 4209 589 4274 intempestiue
613 4209 693 4266 venit,
718 4221 801 4255 revere
824 4206 948 4254 columitas
973 4213 1023 4257 eet:
1049 4207 1107 4255 dum
1130 4208 1198 4256 enirn
1215 4223 1255 4258 ree

128 4315 230 4364 magnes
245 4300 380 4365 producere
396 4301 480 4367 eupit,
498 4316 547 4349 uon
565 4300 610 4348 nisi
626 4314 714 4362 mogun
730 4297 794 4349 melu
809 4300 882 4365 perit.
896 4298 939 4351 'Sic
955 4299 1253 4370 uerru,'sut·,cse·n

128 4393 349 4471 perenetnreoru
363 4396 572 4460 eunt,·tngnstus
588 4395 645 4465 etro
661 4396 848 4460 peropportune·
