2806 5324
578 341 582 348 ’
611 354 670 429 ’47

93 536 157 601 imo
173 535 296 602 crebrae
314 512 488 604 rebelliones
506 541 570 608 sive
587 561 687 608 rerum
697 540 919 617 conversiones,
933 561 1058 628 quarum
1068 539 1190 607 bistoria

91 651 272 716 memoriam
301 653 412 729 tradit,
441 655 584 738 optimum
610 656 751 720 exhibent
780 665 1004 737 argumentum,
1031 656 1195 722 Summum*

93 766 257 850 Imperium
284 786 374 850 penes
399 769 539 851 populum
559 789 621 834 esse
640 790 744 837 revera
763 793 823 836 non
839 791 939 855 posse:
964 791 1034 836 nam
1053 771 1077 835 si
1094 791 1186 855 popu-

93 879 144 944 lus
168 900 301 965 unquam
329 889 410 945 recte
433 881 578 958 novisset,
603 884 674 969 quid
692 884 753 969 ipse
772 895 889 967 ageret,
914 895 966 950 aut
985 887 1056 972 quid
1075 889 1185 964 veliet,

93 1007 149 1061 aut
176 998 248 1084 quid
275 997 387 1076 justum
415 1005 508 1072 esset,
536 997 647 1083 ubique
674 1019 735 1063 una
756 1008 893 1074 tanturn,
914 1010 968 1064 aut
986 999 1084 1085 potius
1104 1002 1187 1066 nulla

93 1130 195 1176 rerum
216 1098 369 1178 conversio
385 1109 520 1175 obtinere
542 1111 703 1177 debuisset.

139 1220 406 1306 7.-1‘rofligans
420 1243 492 1292 vero
502 1225 691 1309 opinionibus
700 1225 796 1303 salsis,
808 1247 964 1313 pergamus
973 1228 1004 1294 in
1013 1229 1187 1315 explicanda

92 1337 215 1422 Imperii
242 1346 360 1403 natura.
391 1338 473 1403 Inter
499 1337 669 1406 affectiones
696 1341 774 1406 enim
804 1342 939 1428 Imperii,
967 1343 1041 1408 haec
1070 1364 1186 1430 quoque

92 1453 135 1517 ad
153 1452 311 1517 essentiam
326 1451 391 1531 ejus
407 1454 552 1536 pertinet,
572 1456 651 1542 quod
668 1456 706 1520 sit
722 1479 812 1521 unum
832 1479 869 1521 uc
888 1455 1055 1522 indivisum.

140 1567 181 1630 Et
208 1586 313 1633 revera
339 1567 417 1632 inter
441 1565 576 1633 homiues
596 1570 692 1635 solum
709 1569 776 1634 ideo
795 1580 857 1635 tam
878 1569 1016 1656 frequens
1036 1571 1189 1636 divisionis

77 1669 161 1746 ¹sive
179 1678 291 1744 dissidii
310 1701 402 1746 causa
421 1692 482 1758 est,
501 1683 571 1769 quia
587 1683 680 1750 dividi
700 1693 730 1747 et
748 1684 896 1768 dispertiri
915 1685 1027 1770 nequit.
1038 1685 1188 1765 Quinimo

92 1795 259 1881 Imperium
280 1816 374 1861 unum
400 1806 464 1873 est,
498 1798 570 1865 licet
595 1798 777 1873 contrarium
795 1799 833 1889 „in
857 1797 985 1882 speciem
1012 1801 1189 1885 quandoque

92 1910 245 1989 videatur.
273 1910 453 1981 Functionea
480 1914 601 1998 quidem
626 1911 746 1998 Imperii
768 1913 951 1979 multifariae
966 1934 1030 1978 esse
1048 1923 1187 2000 pomum,

91 2046 202 2095 verum
220 2025 410 2103 adcivitatis
429 2027 581 2114 notionem
600 2046 716 2112 semper
732 2026 910 2112 requiritur,
930 2028 1011 2092 utin
1029 2047 1065 2092 ea
1082 2028 1120 2093 sit
1129 2047 1190 2093 una

92 2125 214 2205 tantum
242 2150 391 2224 potestas,
420 2161 473 2226 per
497 2161 587 2227 quam
611 2140 728 2216 omnia,
756 2160 833 2226 quae
860 2141 898 2204 ad
923 2141 1007 2205 illam
1026 2143 1186 2224 regendam

92 2257 233 2332 faciunt,
250 2257 334 2325 velut
353 2255 392 2318 ab
409 2275 470 2319 una
488 2255 588 2319 anima
604 2253 843 2340 proficiscendum
860 2275 895 2319 ac
915 2256 1013 2341 plnres
1030 2263 1190 2340 potestates

91 2373 196 2457 piures
222 2371 369 2436 efficerent
393 2370 567 2444 societates,
595 2389 665 2434 nam
690 2368 743 2433 nbi
768 2368 928 2454 Imperium
946 2369 1074 2436 divisum
1093 2367 1188 2442 foret,

93 2487 241 2553 factiones
258 2493 518 2570 compararentur,
543 2503 620 2574 quae
639 2483 771 2551 diversas
787 2483 819 2548 in
838 2483 944 2549 eadem
961 2484 1084 2559 civitate
1103 2482 1190 2549 indu·

94 2610 199 2667 cerent
218 2601 386 2666 societates.

139 2715 199 2779 Sed
224 2735 330 2781 revera
357 2713 418 2779 duo
443 2713 567 2779 Summa
593 2713 720 2798 Imperia
747 2712 778 2776 in
805 2711 909 2777 eadem
927 2711 1049 2778 civitate
1065 2732 1103 2778 ne
1119 2712 1190 2804 fingi

94 2827 217 2913 quidem
235 2837 367 2914 possunt.
386 2826 504 2892 Etenim
521 2829 546 2893 si
562 2828 622 2892 duo
643 2827 824 2911 imperantes
840 2826 928 2891 simul
945 2812 1123 2912 existerent,
1139 2808 1190 2912 qni

93 2942 219 3007 seorsim
246 2950 422 3028 potestatem
449 2941 593 3006 habereut
604 2942 619 3015 ,⁹
631 2962 709 3006 unus
726 2939 891 3005 necessario
907 2940 987 3006 idem
1004 2940 1081 3006 velle
1099 2940 1191 3006 debe·

94 3066 164 3132 ret,
186 3059 266 3143 quod
289 3059 381 3131 alten
401 3056 485 3142 atqui
503 3075 538 3120 eo
557 3076 629 3120 casu
648 3055 791 3120 alteruter
807 3074 928 3132 eorum,
949 3056 1035 3136 cujus
1051 3059 1190 3125 voluntas

96 3171 137 3236 ad
170 3173 293 3236 alterius
310 3171 506 3238 voluntatem
532 3178 773 3254 componeretur,
789 3189 839 3234 ex
863 3189 894 3234 se
912 3170 975 3256 ipso
993 3192 1052 3236 non
1072 3180 1191 3253 ageret,

94 3285 233 3370 adeoque
263 3285 403 3350 Summus
428 3286 579 3370 Imperans
606 3307 664 3350 non
683 3295 770 3350 esset.
792 3285 881 3364 Quod
900 3287 925 3350 si
944 3285 1089 3350 ambobus
1104 3287 1192 3350 simul

94 3398 178 3462 idem
204 3399 352 3465 sentiendi
378 3399 537 3464 necessitas
562 3419 621 3463 non
642 3399 814 3475 incumbat,
837 3407 909 3464 tuno
931 3399 1011 3483 quod
1031 3421 1108 3464 unus
1128 3398 1190 3464 fieri

93 3513 242 3589 noluerit,
259 3529 265 3563 ι
274 3513 305 3576 id
324 3513 409 3579 aiter
435 3513 513 3581 velle
537 3513 664 3596 poterit;
691 3521 783 3598 atque
807 3513 916 3577 iterum
934 3511 992 3577 hoc
1011 3513 1102 3578 etiam
1120 3535 1191 3580 casu
1262 3569 1268 3580 .
1361 3556 1367 3567 ·

94 3627 187 3692 unius
214 3627 353 3693 voluntas
379 3627 502 3691 alterius
518 3627 703 3694 voluntatem
719 3626 885 3692 necessario
904 3629 1068 3714 superabit,
1091 3639 1121 3693 et
1140 3627 1192 3714 qui

96 3741 287 3805 voluntatem
302 3761 388 3805 suam
405 3740 511 3825 exequi
527 3762 585 3805 oon
603 3742 724 3825 poterit;
748 3743 773 3807 is
794 3764 852 3808 non
871 3745 927 3809 erit
943 3744 1083 3812 Summus
1094 3745 1191 3830 Impe-

95 3874 187 3929 rans,
208 3876 278 3920 curn
296 3856 375 3939 quod
395 3854 487 3919 iaciat
506 3854 598 3929 aiter,
627 3854 689 3939 ipss
711 3854 809 3919 iacere
829 3868 969 3943 nequeat.

142 3969 303 4055 Imperium
328 3971 432 4054 itaque
451 3968 586 4035 dividere
601 3976 656 4049 aut
671 3988 809 4054 separare
827 3971 908 4048 idem
925 3982 969 4036 est
986 3993 1022 4037 ac
1043 3974 1194 4038 destruere

93 4082 173 4149 illud
200 4082 261 4170 (1).
283 4083 393 4150 Omnia
421 4083 500 4149 enim
524 4082 589 4162 ejus
617 4081 684 4160 jura
708 4082 828 4151 vinculo
854 4085 1038 4152 strictissimo
1053 4085 1137 4150 inter
1157 4107 1197 4185 qe

23 4254 29 4260 ·
120 4229 163 4295 (t)
180 4231 248 4314 Scite
273 4247 344 4287 anor.
367 4237 393 4284 iu
411 4234 563 4300 Apoloqetr‘c.
580 4249 603 4282 o.
621 4233 652 4281 2:
674 4230 736 4282 uErt
757 4249 833 4282 unum
857 4232 1004 4300 Imperium,
1020 4233 1085 4301 quod
1102 4250 1206 4286 coronae

83 4329 242 4397 neompururi
259 4343 338 4393 eaque
355 4328 461 4396 imugtne
478 4327 576 4394 depingi
591 4327 669 4390 colet,
684 4327 739 4393 ejus
755 4331 872 4390 naturae,
888 4331 932 4389 ut,
948 4333 1016 4394 parte
1032 4329 1132 4391 amissa,
1148 4328 1204 4379 rub·

1092 4756 1340 5000 ,r
