2806 5324
774 414 827 490 stt

251 602 359 677 fiebat,
379 603 431 673 sed
453 582 530 691 quae
551 612 669 680 tamen,
692 596 718 671 si
739 604 858 692 qnando
880 578 984 670 inisset
1004 575 1156 688 neglecta,
1176 600 1278 669 statim
1288 575 1357 669 mi-

251 722 318 787 lites
340 720 443 787 abesse
464 717 616 785 effecisset.
640 716 851 805 Perpetuitas
842 718 934 802 igitur
954 717 1025 793 illa,
1048 737 1126 805 quae
1148 716 1187 782 a'd
1209 715 1271 813 sim
1287 738 1355 813 pn·

249 835 360 902 blicam
383 834 514 902 civitatis
546 834 730 903 delensivam
757 832 935 919 requiritur,
959 853 1019 899 non
1040 831 1147 898 baberi
1169 841 1266 937 potest
1288 832 1354 898 nisi

252 950 283 1016 iu
316 969 455 1036 corpore
450 947 681 1023 bereditario;¹
676 926 775 1034 alqui
796 946 919 1013 Nobiles
941 946 980 1041 ad
1002 946 1141 1023 militiam
1163 946 1355 1043 hereditarie

251 1072 339 1130 eraut
366 1062 509 1147 obligati,
542 1084 601 1128 non
627 1084 698 1130 vero
720 1062 829 1127 caeleri
853 1061 954 1128 cives:
973 1080 1043 1154 ergo
1064 1061 1172 1153 asolis
1184 1030 1353 1128 Nobilibus

250 1176 297 1245 nis
326 1177 447 1265 publica
478 1176 632 1242 delensira
664 1177 795 1275 civitatis
825 1176 954 1243 exerceri
976 1185 1104 1263 poterat
1126 1176 1210 1242 Et
1185 1198 1229 1243 sno
1252 1174 1353 1269 etiam

250 1291 406 1378 pristinam
424 1292 539 1375 legem,
564 1310 624 1379 qua
644 1267 797 1387 militandi·
811 1290 951 1385 professio
972 1312 991 1356 a
1009 1290 1135 1385 caeteris
1150 1288 1276 1376 negotiis
1295 1290 1352 1357 ci·

251 1405 362 1474 vilibus
389 1402 647 1497 distinguebatur,
667 1390 857 1493 aliquatenus
875 1417 1025 1475 serratam
1042 1407 1134 1499 luisse
1151 1419 1252 1497 palets
1273 1428 1351 1479 cnm

250 1540 357 1607 nempe
382 1521 524 1587 nobilitas
550 1542 654 1586 revera
684 1543 743 1588 non
762 1531 839 1615 esset
857 1519 1027 1595 distinctio,
1045 1494 1104 1589 nisi
1122 1524 1218 1615 qnod
1219 1513 1352 1593 Nobiles

248 1636 388 1701 militiam
405 1656 522 1721 semper
534 1635 682 1725 profiteri
687 1646 881 1720 cogerentur,
904 1645 999 1723 nlqne
1016 1657 1053 1703 ea
1069 1637 1184 1704 ratione
1194 1659 1211 1703 a
1221 1638 1353 1743 reliquis

250 1752 366 1820 civibus
393 1752 660 1834 distinguerentur,
690 1751 800 1838 quibus
826 1750 930 1819 eadem
949 1751 1093 1837 obligatio
1108 1774 1168 1819 non
1182 1764 1353 1840 perpetuo,

248 1866 301 1933 sed
333 1866 371 1932 ad
388 1875 511 1954 tempus
533 1876 650 1962 tantum
673 1875 703 1932 et
725 1868 842 1961 quoties
864 1877 1119 1945 convocarentur,
1140 1867 1351 1951 incumbebat.

256 1990 260 1997 ’
291 1982 400 2047 Talem
424 1980 667 2077 autemomnino
688 1979 780 2047 luisse
802 1979 997 2046 Nobilitatem
1019 1980 1099 2066 apud
1116 1980 1255 2073 antiquos
1265 1980 1353 2049 Ger·

249 2116 354 2163 manns
383 2106 413 2162 et
444 2094 575 2193 Francos
602 2095 727 2162 bistoria
744 2095 853 2191 docel.
884 2093 1082 2161 Possidebant
1111 2096 1191 2161 enim
1221 2095 1352 2164 Nobiles

249 2213 466 2305 praediasua,
484 2211 645 2279 feudorum
659 2210 797 2288 nomine,
816 2209 953 2276 smaltis
972 2209 1111 2303 oneribus
1129 2208 1292 2288 immunia,
1311 2232 1353 2279 ea
1378 2252 1381 2257 ·

251 2328 439 2403 conditione,
474 2337 508 2393 nt
533 2325 694 2421 militarem
713 2345 834 2412 operam
854 2324 1037 2417 reipublicae
1055 2308 1250 2415 praestarent.
1274 2326 1355 2392 lnde

119 2436 135 2523 ’,
251 2464 373 2532 quoqne
388 2442 548 2509 Nobilibus
564 2449 765 2507 mercaturam
786 2460 922 2506 exercere
937 2436 1089 2508 insolitum
1103 2451 1168 2510 erat
1177 2489 1186 2518 ,
1196 2462 1256 2508 non
1266 2440 1354 2538 qnod

252 2558 328 2630 baec
362 2557 394 2624 iu
416 2576 448 2623 se
465 2555 592 2648 baberet
611 2555 685 2640 quid
704 2555 894 2621 inhonestum
914 2566 967 2623 ant
986 2556 1156 2649 sordidum,
1175 2556 1228 2623 sed
1242 2576 1283 2622 ne
1298 2575 1356 2643 per

253 2690 322 2742 ιιιιι
354 2695 373 2741 a
403 2671 511 2740 studiis
535 2669 715 2765 militaribus
744 2668 1006 2752 abstraherentur,
1024 2683 1054 2739 et
1076 2671 1168 2740 fende
1184 2692 1239 2743 sna
1258 2681 1355 2756 atque

200 2841 203 2847 .
253 2782 410 2880 privilegia
432 2789 524 2874 gratis
545 2758 703 2853 baberent.
728 2785 838 2868 Quin
829 2808 888 2852 ιιιιο
906 2758 1072 2873 obligatio
1063 2787 1356 2887 rstamilitauditanr

254 2916 338 2973 arcte
360 2926 430 2973 cnm
451 2903 607 2969 nobilitate
616 2911 682 2970 erat
699 2903 876 2983 conjuncta,
898 2912 932 2970 nt
951 2902 1080 2988 insignia
1097 2904 1160 2972 sive
1187 2882 1357 2988 sigillatum

237 3022 385 3113 'punam
406 3018 464 3086 sibi
486 3017 686 3086 adsciscerent
706 3016 765 3088 ιίιί
785 3017 920 3095 nobiles,
916 3022 1352 3107 quumsuueuetulr'sessent,

253 3128 313 3202 boe
344 3144 408 3210 est,
438 3155 532 3220 qnam
564 3150 676 3200 annum
709 3131 816 3221 aetatis
846 3151 916 3197 eum
938 3130 1122 3216 attigissent,
1144 3154 1204 3220 qno
1222 3132 1358 3225 militare

255 3250 409 3335 cingulum
431 3248 575 3334 consequi
597 3257 627 3314 et
648 3247 706 3314 boc
729 3246 831 3333 adepti
848 3247 958 3314 milites
976 3246 1039 3337 lieri
1058 3248 1194 3315 solebant
1203 3238 1263 3335 (15¹.
1273 3248 1357 3339 ilinc

257 3387 379 3456 qunque
393 3367 425 3433 in
442 3364 632 3439 civilatibus,
658 3383 734 3453 quas
752 3359 931 3447 Germanici,
941 3360 1041 3459 populi
1058 3362 1291 3454 constituerant,
1301 3382 1358 3430 nec

258 3477 407 3559 Romani,
436 3500 491 3547 neo
514 3476 667 3564 originarii
688 3478 843 3565 regionum
862 3478 983 3545 illarum
1001 3479 1116 3545 incolae
1135 3496 1241 3548 reram
1254 3462 1360 3544 Nobi-

253 3596 373 3664 litatem
388 3594 576 3671 habuerunt,
599 3594 692 3681 idque
709 3594 805 3660 solnm
822 3593 909 3671 ideo,
931 3595 1012 3681 qnod
1030 3612 1049 3658 a
1068 3570 1219 3661 militandi
1221 3593 1362 3685 profes-

177 3703 180 3712 ’
258 3714 347 3779 sione
362 3710 592 3777 excluderentur
615 3706 692 3796 (2),

249 3836 252 3846 ·
304 3823 465 3890 Caeterum
485 3818 610 3889 Nobiles
632 3823 671 3889 ad
694 3820 923 3890 defensionem
913 3788 1206 3909 inprimisintemam
1227 3810 1362 3911 civitatis

259 3937 436 4030 pertinuisse
457 3957 494 4004 ex
515 3958 550 4005 eo
573 3939 694 4026 quidem
715 3939 1014 4027 primocnnspicitur‚
1025 3936 1362 4030 qundiissuosquoqne

259 4055 388 4125 vasallos
418 4054 482 4124 sive
508 4042 640 4118 homines
657 4052 770 4119 habere
787 4053 909 4129 liceret,
925 4054 1180 4140 quemadmodum
1197 4054 1260 4121 lere
1279 4054 1363 4144 apud

262 4167 416 4237 Romanos
445 4168 563 4256 patricii
589 4189 658 4251 suqs
683 4167 806 4235 clientes
827 4167 992 4239 habebant.
1018 4169 1064 4236 Ea
1081 4190 1155 4239 sane
1174 4172 1292 4239 ratinne
1312 4193 1366 4241 eos

282 4308 323 4377 (ll
341 4309 375 4360 Ut
390 4315 472 4360 narrat
487 4322 619 4362 nursam
634 4310 662 4376 iu
677 4309 783 4366 Glossar.
822 4330 826 4337 ·

285 4404 327 4470 (²)
341 4402 383 4456 un
398 4403 509 4456 obserant
524 4415 627 4474 ιιιιιι,
644 4403 907 4488 lustit.1adtr.l,7.
922 4421 951 4474 p.
970 4403 1024 4461 llll.
1127 4428 1136 4439 ·
