2806 5324
597 398 651 472 57·

69 587 132 649 sint
154 582 300 664 subjecti,
322 576 396 648 adeo
412 595 463 662 ut,
485 585 666 652 sicutmodo
684 606 772 670 supra
794 586 940 659 diximus.
965 587 1078 676 suctum
1096 589 1164 673 qui·

70 701 144 762 dem
167 696 304 799 mandari
331 699 439 782 possit,
466 697 517 786 p'us
542 721 611 765 vero
636 718 751 785 semper
778 709 930 765 remaneat
959 721 1049 787 penes
1068 702 1163 788 tmpe-

70 823 203 877 rantem.
245 843 248 849 ·

115 925 279 994 indivisum
294 924 386 1007 igitur
400 934 658 1011 atqoconumnon
677 927 784 992 desinit
806 946 871 992 esse
892 926 1069 1011 Imperium,
1093 928 1163 993 licet

71 1037 245 1106 exercitium
273 1039 384 1118 jurium
403 1048 457 1104 aut
479 1048 675 1123 potestatum,
698 1060 775 1128 quae
798 1039 868 1104 huic
894 1041 1021 1125 Imperio
1040 1042 1159 1117 insunt,

72 1154 195 1239 abipso
214 1153 382 1238 imperante
400 1152 523 1217 dirersis
546 1154 677 1238 personis
697 1155 744 1220 vei
763 1153 935 1239 corporibus
955 1155 1161 1223 demandetur.

70 1267 183 1331 Omnia
200 1265 281 1331 enim
301 1264 368 1342 iura
386 1264 459 1339 ista,
483 1268 618 1351 quamvis
637 1287 655 1332 a
673 1267 796 1334 dirersis
812 1273 1021 1344 exerceantur,
1046 1271 1161 1341 erim·

70 1386 196 1465 peteme
211 1387 330 1451 tamen,
355 1387 496 1465 tauquam
514 1399 550 1444 ex
567 1380 649 1445 ioute
674 1381 839 1455 communi,
859 1394 1044 1467 promanant.
1068 1386 1163 1450 Penes

71 1513 162 1578 quem
180 1514 211 1557 v.
233 1513 260 1556 o.
274 1491 305 1555 iu
323 1488 432 1574 Anglia
448 1501 492 1557 est
511 1502 640 1578 potestas
656 1493 754 1576 legum
771 1494 1011 1568 condendarum,
1028 1516 1086 1580 qua
1098 1498 1161 1579 pri·

70 1595 186 1671 marius
206 1613 287 1670 certe
311 1614 342 1668 et
359 1607 523 1671 essentialis
538 1608 701 1687 majestatis
717 1608 873 1672 character
891 1608 1080 1673 continerent
1104 1610 1163 1675 Pe-

72 1741 128 1787 nes
144 1740 235 1808 quem·
249 1719 476 1802 magistratuum
496 1703 634 1788 creatio?
663 1722 759 1787 Penes
775 1743 863 1808 quem
883 1721 931 1800 ius
949 1720 1061 1785 betium
1078 1718 1161 1782 indi·

72 1834 332 1919 cendi,pacemve
343 1836 564 1920 componendi?
587 1836 682 1902 Penes
699 1857 787 1922 quem
805 1833 1176 1919 jurisdictiotNumqoid
1236 1863 1239 1868 ·

72 1951 149 2014 hacc
176 1949 276 2014 omnia
307 1949 431 2016 diversis
458 1951 589 2035 personis
616 1951 759 2016 radicitus
780 1959 965 2034 competunt
1002 1959 1032 2014 et
1065 1969 1158 2014 unum

73 2067 188 2150 absque
216 2054 280 2130 aiio
301 2064 404 2130 fiunti
426 2065 470 2129 Eo
492 2084 563 2130 sane
581 2065 669 2129 modo
683 2065 793 2148 Angiia
810 2073 854 2130 tot
871 2063 939 2130 mor
957 2064 1081 2128 haberet
1101 2064 1161 2152 lm-

72 2188 227 2265 pmantcs,
249 2181 327 2266 quod
346 2189 443 2246 essent
459 2199 618 2265 personae,
641 2178 748 2264 quibos
767 2177 878 2258 jurium
888 2178 1086 2265 quorumdum
1102 2177 1162 2242 lm·

73 2295 150 2381 perii
177 2294 349 2362 exercitium
377 2294 581 2375 delegaretur,
605 2312 682 2390 *cum
707 2293 750 2356 ita
778 2313 836 2359 non
852 2301 928 2358 esset
945 2311 1006 2356 una
1025 2293 1178 2357 voluntas¹
1280 2364 1283 2368 Α

73 2429 170 2496 eaque
196 2409 342 2494 generalis
356 2407 447 2475 totius
467 2407 616 2481 civitatis,
639 2407 691 2471 sed
710 2415 754 2471 tot
768 2415 865 2472 essent
883 2407 1068 2483 voluntates,
1091 2415 1178 2493 quot*¹

75 2533 175 2588 essent
191 2523 242 2610 qui
262 2523 310 2603 jus
327 2521 477 2609 quoddam
497 2519 616 2604 Imperii
635 2531 816 2585 exercerent.

120 2636 199 2720 Ergo
214 2634 361 2721 reparatio
378 2635 436 2700 ista
453 2642 633 2718 potestatum
647 2635 715 2699 sive
735 2633 861 2699 duarum
882 2635 946 2700 sive
965 2637 1112 2720 plurium,
1129 2647 1177 2702 ut·

75 2751 212 2817 nonnulli
228 2738 346 2824 iotnnr,
371 2768 407 2813 eo
420 2747 510 2812 modo
525 2747 680 2820 instituta,
703 2755 738 2810 ut
755 2768 815 2836 uua
831 2747 869 2811 ab
880 2749 974 2813 altera
984 2750 1066 2814 uuiio
1076 2751 1165 2814 modo

75 2863 225 2952 pendeat,
247 2871 278 2926 et
295 2863 335 2929 ah
354 2861 482 2948 imperio
508 2860 547 2925 sit
566 2858 683 2926 divulsa
699 2860 761 2927 sive
776 2870 951 2946 potestatem
969 2883 1021 2946 per
1039 2883 1071 2928 se
1090 2885 1166 2927 con·

74 2989 207 3046 stantem
224 2978 349 3053 efficiat,
371 2996 419 3041 res
434 2974 522 3060 plane
540 2973 669 3039 absurda
686 2973 816 3040 ridetur.
838 2975 893 3052 Et,
917 2977 948 3042 ui
966 2975 1055 3057 hujus
1069 2978 1174 3043 intro--

76 3093 227 3159 ductionis
243 3090 434 3177 prohiberent
451 3089 624 3170 augustiae,
638 3089 677 3152 ad
694 3098 825 3154 nostram
844 3090 1073 3175 disputationem
1087 3093 1177 3158 mut:-

76 3218 144 3273 tum
167 3206 267 3273 iacere
295 3205 471 3271 duceremus
496 3223 551 3278 ca,
574 3223 651 3289 quae
678 3203 760 3267 iacta
784 3211 864 3267 sunt
880 3202 1026 3292 hodieque
1043 3205 1117 3270 iiuut
1134 3205 1166 3270 in

76 3321 171 3388 variis
185 3321 341 3387 civitatum
361 3318 482 3391 formis,
505 3317 671 3402 inquirere,
690 3325 723 3380 ut
741 3318 783 3381 sic
803 3317 865 3399 ipsa
882 3316 1168 3393 historia,veritrtis

77 3437 149 3510 lux,
173 3435 315 3501 obscuros
341 3434 425 3499 istius
445 3422 599 3497 doctriuoc'
614 3450 728 3494 errores
746 3431 926 3504 illustraret,
950 3431 1095 3516 simulque
1111 3450 1166 3498 os·

79 3551 236 3624 tenderet,
259 3569 350 3636 quam
370 3547 477 3613 infelix
492 3546 625 3632 proiecto
643 3567 737 3629 genus
757 3546 922 3636 humanum
941 3546 978 3610 iis
996 3545 1090 3614 videri
1110 3545 1167 3610 dc-

79 3666 169 3747 heat,
194 3665 245 3751 qui
266 3666 422 3731 civitatum
441 3661 655 3727 beatitudiuem
674 3661 705 3727 in
723 3671 863 3727 accurata
873 3673 903 3727 et
913 3672 1054 3748 perpetua
1066 3658 1167 3748 potes-

80 3790 178 3845 tatum
196 3779 381 3865 separatione
399 3787 609 3863 ponunt,cum
633 3797 784 3862 nunquam
801 3777 946 3843 exstiterit
964 3777 1033 3843 talis
1044 3775 1167 3862 civitas,

79 3916 179 3980 neque
195 3868 356 3962 irrisimile
372 3895 410 3960 sit
428 3913 494 3958 eam
513 3893 685 3957 exstituram
702 3892 827 3976 uspiam.
917 3974 919 3979 ,

125 4010 301 4085 Caeterum,
326 4030 415 4096 quam
441 4009 555 4074 incerto
578 4017 608 4073 et
627 4007 740 4074 infirmo
757 3994 952 4071 fundamento
966 4012 1185 4091 superstructa*
1252 4032 1254 4040 ,

79 4125 121 4189 sit
139 4124 234 4188 omnis
253 4144 289 4188 ea
308 4123 424 4209 Imperii
442 4123 608 4209 separatio,
632 4121 681 4190 vel
698 4119 807 4206 optime
825 4119 903 4185 effici
922 4128 1016 4205 potest
1034 4138 1069 4181 ex
1085 4118 1166 4204 ipso·

80 4260 152 4306 rum
170 4237 259 4318 huius
278 4239 429 4306 doctrinae
443 4235 795 4310 fautorum-testimonio,
828 4235 898 4321 qui,
922 4235 991 4301 lieet
1011 4235 1171 4321 Imperium

80 4359 116 4420 iu
134 4351 564 4439 partessdivellcrcstudesnt,
582 4351 670 4445 simul
687 4360 788 4418 tamen
804 4349 965 4429 sentientes
981 4373 1075 4419 unum
1093 4353 1177 4420 indta·

399 4482 400 4485 ’
1063 4468 1082 4532 8
