2806 5324
657 378 733 465 ild

146 581 231 638 mus,
255 583 323 628 cum
342 563 469 631 instituti
488 567 580 632 nostri
601 567 696 643 ratio,
718 588 800 655 quac
815 567 1015 641 brevitatem,
1037 573 1195 650 quantum
1212 586 1252 632 ea

144 681 256 743 servari
277 688 391 763 potest,
415 684 622 758 commendat,
645 683 720 749 illud
739 685 787 751 uir
805 684 956 768 patianus
980 680 1181 762 sed-tamen,
1208 703 1252 748 ne

144 793 217 877 quid
243 794 347 860 leviter
371 795 477 861 dixisse
498 800 670 875 videamur,
697 800 746 864 bic
763 801 858 864 solum
879 795 1129 871 monstrabimus,
1155 817 1252 882 quam

146 915 257 970 tenuem
287 911 496 977 nonnullorum
514 923 544 977 et
567 915 742 998 praesertim
758 913 951 1000 posteriorum
970 909 1144 996 Principum
1163 911 1253 977 lacta

29 1092 33 1097 ,
145 1023 236 1103 vulgo
252 1035 471 1100 memorentur,
495 1046 532 1090 ex
552 1029 662 1111 quibus
681 1028 860 1111 colligatur,
883 1026 1097 1108 obligationem
1113 1047 1261 1126 consen-t

142 1159 211 1203 sum
225 1137 374 1205 Ordiuum
391 1140 421 1204 iu
440 1141 591 1224 exigendis
610 1142 729 1207 tributis
748 1143 877 1226 rogandi
896 1141 928 1206 in
942 1141 1071 1206 Francia
1090 1150 1172 1205 certe
1182 1156 1248 1211 nott

142 1262 176 1316 ut
202 1253 296 1335 legem
324 1255 579 1322 fundamentalem
606 1257 741 1322 habitam
772 1257 882 1334 luisse,
905 1266 1008 1343 utpote
1022 1275 1099 1342 quae
1116 1257 1243 1341 saepius

142 1369 279 1450 neglecta
297 1368 399 1436 luerit.

184 1481 307 1547 Scilicet
335 1506 480 1550 canorum
510 1487 565 1556 vlt
592 1508 670 1553 anno
697 1485 798 1562 1440,
822 1487 1002 1570 introductis
1019 1487 1167 1553 militibus
1184 1489 1246 1554 sti·

141 1598 322 1683 peudiariis,
345 1595 396 1686 qui
422 1602 600 1668 dicebantur
626 1590 817 1692 compugnics
845 1583 1088 1679 dorestotum,
1112 1595 1246 1687 primum

142 1714 288 1798 tributum
307 1713 421 1799 absque
438 1718 576 1780 ordinum
596 1717 780 1800 generalium
789 1738 933 1783 consensu
945 1718 1052 1802 populo
1067 1717 1246 1802 imposuisse

142 1829 279 1915 nonnulli*
298 1839 420 1894 narrant
441 1830 598 1917 scriptores
618 1832 762 1897 historici.
785 1809 896 1900 Verum
915 1831 1151 1918 primoquidem
1169 1832 1246 1898 satis

141 1943 289 2007 incertum
317 1955 379 2033 est,
417 1966 485 2011 eum
504 1966 608 2012 revera
635 1947 692 2013 bac
718 1941 748 2012 in
775 1966 807 2012 re
835 1966 853 2011 u
879 1945 995 2028 legibus
1024 1948 1242 2014 fundamenta·

141 2061 219 2125 libus
238 2060 431 2125 monarchiae
454 2063 625 2136 recessisse,
641 2105 645 2114 -
661 2082 729 2126 curu
758 2062 846 2127 multi
873 2062 925 2126 alii
946 2072 1082 2128 auctores
1100 2063 1243 2148 antiqui,

142 2175 194 2259 qui
221 2176 252 2239 iu
282 2173 441 2240 scribenda
460 2175 583 2240 historia
602 2169 744 2262 optimum
763 2196 883 2262 quoque
901 2178 1021 2242 laudem
1043 2189 1243 2252 meruerunt,

142 2314 260 2358 omnem
287 2293 406 2378 culpam
432 2293 521 2376 plane
541 2291 580 2354 ab
602 2311 637 2355 eo
656 2291 806 2356 auserunt.
830 2292 878 2357 Sic
898 2315 1180 2360 enutriuntur-rans
1201 2295 1243 2359 ad

140 2411 236 2494 ipsum
249 2408 414 2479 tributum,
438 2407 519 2490 quod
529 2427 618 2491 supra
626 2407 858 2472 memoravimus
867 2408 1045 2492 respiciens,
1061 2406 1120 2471 boc
1130 2407 1242 2472 babet:

140 2548 156 2584 o
167 2534 243 2610 pour
258 2525 374 2590 former·
391 2531 470 2587 cette
489 2538 622 2596 somme,
644 2520 696 2606 qrri
714 2531 803 2606 parut
820 2523 963 2586 immense
984 2522 1059 2587 daus
1083 2523 1112 2586 la
1133 2543 1244 2608 propo-

139 2638 246 2713 sition,
271 2639 299 2703 le
327 2639 386 2702 itot
402 2637 509 2702 ernbttt
525 2639 563 2701 de
582 2658 635 2701 son
656 2637 801 2711 autoritd,
826 2618 955 2703 mais-en
977 2637 1183 2725 conedouence
1200 2635 1245 2711 do

139 2760 355 2819 cousentemcnl
381 2751 433 2818 des
459 2749 734 2818 Emis-Generum
750 2757 893 2815 tenueere
915 2756 1002 2820 Atto
1017 2771 1075 2816 uns
1096 2761 1166 2816 taxe
1187 2754 1242 2832 ge·

139 2868 243 2933 uenale
260 2889 312 2932 sur
330 2868 372 2932 les
391 2867 478 2932 fonds
498 2867 631 2931 deterre
650 2875 680 2929 et
698 2887 749 2930 sur
766 2866 932 2931 l’iudustrie
951 2867 1003 2931 des
1021 2866 1243 2952 peuplesull).

140 2984 279 3063 Quocum
307 2966 428 3048 omuino
452 2981 527 3047 lacit
543 2991 648 3046 auctor
665 2981 803 3062 egregius
822 2981 875 3064 qui
898 2982 992 3065 ipsam
1014 2982 1110 3047 vitam
1129 3001 1242 3045 canori

18 3149 20 3154 -
138 3098 194 3166 vlt
213 3099 397 3183 conscripsit.
420 3119 436 3156 n
450 3097 590 3161 Currum
612 3095 668 3162 vlt
689 3095 747 3178 (ito
766 3095 877 3181 inquit)
904 3099 1002 3179 voyoit
1031 3098 1152 3164 chacun
1180 3119 1241 3172 uu,

141 3226 197 3281 net
226 3217 293 3300 plus
320 3211 467 3287 convent,
500 3221 566 3276 tout
584 3212 611 3274 le
630 3209 687 3274 lalt
701 3210 740 3273 de
758 3231 804 3273 sce
824 3209 975 3274 finances:
998 3233 1051 3276 car
1074 3213 1097 3278 il
1113 3214 1242 3279 l'enteu·

140 3353 157 3395 n
166 3330 229 3396 doit
246 3333 373 3396 biens...
396 3328 445 3392 On
463 3324 580 3393 mettait
600 3345 651 3388 sus
668 3322 786 3388 clracun
807 3345 847 3388 an
865 3325 893 3390 le
910 3325 1062 3410 pulemont
1074 3327 1111 3391 de
1131 3327 1242 3412 quinas

122 3427 249 3510 ¹»cents
279 3447 380 3509 lances
404 3444 588 3515 seulement,
611 3460 680 3504 sans
701 3449 808 3504 mettre
827 3461 877 3505 sus
897 3461 1013 3505 aucune
1035 3441 1164 3505 cruede
1183 3441 1240 3507 de·

139 3559 244 3624 ›ruiers
272 3579 312 3621 ou
339 3570 439 3624 autres
458 3557 562 3622 choses
581 3557 794 3640 quelcouques.
817 3555 855 3618 Et
883 3556 913 3620 la
931 3556 1078 3640 premiere
1096 3575 1171 3620 crue
1186 3557 1240 3641 qui

139 3677 210 3742 ›tlut
227 3678 301 3741 mise
317 3698 366 3741 sus
382 3676 420 3738 de
435 3695 487 3738 son
506 3682 582 3736 tems
601 3669 700 3735 iurent
722 3668 884 3755 cinquaute
904 3670 986 3735 mille
1002 3675 1075 3735 ecus
1091 3688 1167 3755 pour
1185 3669 1239 3736 ieu

138 3793 190 3856 »le
208 3791 275 3857 Duc
295 3791 334 3854 de
355 3788 483 3853 Calabro
501 3807 575 3872 pour
591 3785 696 3850 ouider
712 3805 871 3852 reccurrer
886 3784 1024 3861 Gennes,
1037 3787 1066 3851 la
1073 3789 1239 3857 seconde.

137 3908 192 3973 »la
215 3909 342 3971 tierce...
369 3902 526 3986 lesquelles
548 3918 675 3963 summes
701 3897 801 3962 iurent
832 3899 921 3965 miser
949 3920 998 3964 sus
1024 3911 1055 3965 et
1080 3902 1182 3969 levssc
1200 3924 1238 3969 eu

138 4022 294 4086 »diverses
314 4022 425 4084 anuees
442 4017 483 4080 du
501 4015 615 4091 voutoir
636 4023 665 4078 et
683 4023 906 4080 couseutemeut
925 4015 978 4081 des
1000 4036 1076 4101 geue
1091 4017 1145 4085 des
1163 4020 1238 4086 trois

136 4141 239 4201 ›lelals
251 4162 267 4201 n
296 4135 355 4222 (2).

61 4331 65 4340 “
100 4367 101 4370 ,
153 4305 191 4373 (¹)
211 4309 261 4372 Op.
276 4309 297 4360 l.
316 4307 346 4360 T.
363 4304 401 4356 lll
416 4322 442 4371 p.
458 4303 512 4356 tot.

152 4401 191 4466 (2)
208 4403 357 4463 Generum,
375 4401 480 4450 histoire
497 4391 527 4448 da
547 4394 651 4447 Glorior
674 4392 728 4446 711
743 4391 768 4447 iu
786 4391 896 4460 proetus,
