2806 5324
589 383 640 458 ⁷9

48 566 161 633 unitas
180 588 242 631 non
263 565 348 634 firma
369 577 399 636 et
416 579 553 636 constans
572 570 670 637 luerit.
685 570 869 637 >Gubernare
888 574 1147 657 enimsiverogero
1199 626 1203 636 .

50 681 221 769 praecipue
237 690 281 746 est
298 681 437 749 cohibere
455 682 608 750 bominum
622 684 746 751 affectus
763 696 928 770 pravos,ut
945 688 1157 755 siesolurueos·

52 796 193 863 excitent
213 793 338 862 affectus
354 796 470 863 bonesti
486 800 673 882 nobilesque,
691 797 804 864 Pravos
819 809 920 865 autern
938 801 1009 867 istos
1025 800 1149 867 affectos

52 912 126 975 sola
137 917 287 998 potestus,
305 930 383 995 quae
400 932 461 978 uua
472 923 516 978 est
528 960 536 985 ,
548 913 698 980 refrenare
708 915 802 982 valer:
818 933 855 978 ea
866 913 974 999 quippe
985 915 1159 980 animorum

52 1024 252 1110 superbiam,
269 1044 384 1110 semper
397 1024 575 1103 indocilem,
590 1028 697 1111 premit
713 1036 743 1091 et
760 1036 894 1111 superat,
917 1027 960 1093 ita
975 1038 1007 1096 ut
1017 1031 1152 1097 solooffi-

57 1143 176 1210 ciorum
197 1160 319 1208 suorum
342 1147 373 1204 et
397 1139 550 1221 dignitatis
571 1161 644 1207 suae
661 1161 777 1218 -soosu,
798 1142 851 1227 qui
878 1162 950 1211 vera
970 1153 1015 1211 est
1037 1145 1131 1213 virtus
1141 1181 1158 1216 ..1

10 1332 12 1339 Ι
59 1254 198 1321 homines
218 1251 387 1319 afficientur
410 1251 472 1336 (l),
616 1251 619 1259 ’
897 1342 899 1347 Ι

105 1369 268 1437 Caeterum
291 1377 438 1452 quantum
463 1367 556 1433 faeiat
575 1382 611 1432 oa
620 1368 774 1451 potestatis
783 1367 882 1436 unitus
891 1369 929 1435 ad
939 1370 1065 1440 salutem
1076 1372 1148 1441 oiri-

57 1484 136 1551 roris
147 1483 221 1559 ,rel
240 1502 274 1555 er
292 1501 328 1546 eo
344 1481 535 1553 manifestum
554 1489 617 1558 est,
635 1482 714 1567 quod
733 1481 908 1566 ubicunque
924 1481 1005 1559 lere,
1029 1487 1150 1569 quaudo
1243 1537 1245 1540 .

59 1619 110 1664 res
142 1598 225 1662 adeo>
247 1604 350 1664 esseut·
375 1596 566 1680 desperatae,
599 1604 652 1660 aut
673 1595 712 1663 ab
734 1594 815 1661 omui
834 1604 918 1679 parte
935 1597 1094 1672 confusae,
1118 1609 1159 1666 ιιι,

62 1721 188 1781 eventus
213 1709 376 1795 exspectaui
399 1708 452 1775 vix
476 1710 602 1794 amplius
621 1718 735 1794 posset,
757 1728 873 1793 semper
886 1708 923 1773 iu
943 1732 1033 1774 unum
1052 1712 1152 1780 bomi-

63 1847 131 1897 nem
150 1843 268 1891 omnem
285 1824 317 1891 iu
339 1822 467 1908 civitate
479 1831 653 1910 potestatem
664 1823 860 1900 contulerint,
871 1822 1059 1910 atqueunios
1072 1829 1159 1895 arbi-

63 1942 120 2008 trio
138 1949 170 2005 et
192 1957 282 2005 curae
291 1936 434 2022 dilapsum
444 1938 658 2022 rempublicam
668 1936 840 2018 erigendam
849 1938 1058 2008 commiserint.
1073 1942 1151 2009 llius
1256 1974 1259 1980 ¹

64 2055 143 2140 apud
159 2054 311 2122 Romanos
328 2051 480 2120 dictatoris
501 2050 680 2139 ipstitntum.
703 2049 919 2117 Existimabaut
935 2051 1050 2121 seilicet
1064 2057 1154 2147 unius

64 2170 145 2248 jussa
172 2167 296 2252 grauius
319 2165 468 2252 quoddam
496 2166 528 2230 in
556 2185 588 2232 se
612 2163 724 2230 babere
746 2164 1148 2242 auctoritatismomentum,

65 2293 157 2370 atque
172 2283 211 2351 ob
228 2281 259 2347 id
271 2282 375 2368 ipsum
396 2279 507 2348 ciuium
522 2279 723 2348 obedientiam
741 2279 921 2363 paratiorem
934 2300 998 2349 osse
1018 2291 1047 2350 et
1056 2281 1157 2364 magis
1244 2342 1246 2347 ,

64 2397 233 2466 officiosam.
251 2395 291 2463 Et
310 2394 444 2478 (attonde
462 2393 585 2479 quaeso)
603 2394 641 2459 ad
661 2393 738 2463 haue
757 2395 920 2463 voluntatis
937 2396 1081 2464 unitatem
1099 2417 1151 2464 rs-

64 2511 231 2581 ducebatur
266 2509 455 2593 respublica,
491 2530 551 2575 uon
577 2508 673 2575 solum
700 2518 856 2594 postquam
877 2511 1012 2579 omnium
1034 2529 1155 2579 summa

63 2646 164 2710 rerum
187 2626 219 2692 iu
245 2643 339 2692 uuum
363 2624 537 2692 dictatorem
559 2631 635 2689 esset
661 2623 789 2698 collata,
819 2623 872 2691 sed
898 2642 965 2689 eam
983 2642 1102 2710 quoquo
1121 2623 1153 2691 iu

63 2742 126 2825 ipso
147 2737 301 2807 dictatoris
318 2738 440 2807 creandi
457 2737 545 2803 modo
563 2736 687 2817 jamiam
702 2737 929 2831 assectabantur
940 2761 956 2803 r·
971 2754 1152 2822 oumnompe

63 2853 235 2922 consulibus
252 2852 302 2937 -jus
323 2861 401 2921 esset
425 2852 528 2920 datum
553 2852 638 2919 illum
666 2849 812 2936 eligendi,
839 2859 873 2919 ot
901 2850 943 2919 sie
970 2851 1154 2920 evitaroutur

63 2966 390 3052 dissensiones„queis
411 2966 536 3035 obnoxiu
560 2965 664 3035 inisset
685 2967 792 3034 electio
814 2987 832 3034 a
854 2967 961 3052 populo
982 2965 1148 3038 facienda.·

89 3115 92 3121 ‚
108 3082 203 3150 Porro
232 3081 308 3149 illud
336 3101 455 3166 quoque
483 3081 566 3150 laudi
585 3081 777 3149 monarchiae
794 3082 969 3151 vertendum
991 3092 1052 3157 est,
1068 3083 1154 3167 quod

10 3220 12 3225 ·
60 3197 94 3266 in
121 3218 178 3272 ea,
196 3197 221 3269 si
236 3197 327 3263 semel
343 3193 480 3280 corrupti
498 3216 534 3264 ao
555 3195 708 3280 depravati
726 3216 822 3264 morer
839 3195 972 3271 luerint,
991 3217 1051 3264 mou
1067 3194 1152 3266 utin

10 3366 12 3377 .
62 3313 239 3383 civitatibus
253 3310 447 3397 popularibus
457 3309 519 3375 lore
538 3307 653 3396 semper
661 3309 692 3378 iu
702 3309 1006 3393 miserorumque
1016 3328 1150 3392 uuquam

10 3488 13 3497 .
62 3427 173 3513 corrigi
189 3428 252 3497 sive
268 3426 421 3496 emendari
442 3434 570 3509 queant,
592 3426 644 3494 sod
661 3425 797 3510 princeps
816 3423 901 3509 quusi
917 3444 1023 3499 novos,
1043 3444 1152 3512 eosque
1224 3482 1227 3487 .

62 3521 218 3616 meliores,
242 3540 300 3605 sibi
318 3540 453 3605 subditos
470 3560 571 3604 creare
589 3540 689 3627 possit.
711 3538 837 3625 Egregie
855 3535 996 3625 Ampliss.
1015 3547 1044 3603 et
1064 3538 1151 3605 Cous.
1212 3544 1214 3549 ’

63 3681 96 3721 n.
118 3679 148 3720 ιι.
170 3677 284 3724 nuncu:
307 3653 373 3719 «Iu
390 3650 697 3745 olleenbeerscbingen
717 3652 779 3745 siju
795 3651 832 3721 de
849 3642 1152 3748 menschen'meerge-

65 3791 175 3837 uwoon
191 3776 219 3838 te
233 3768 470 3862 gelronrcumen,
491 3788 568 3834 moer
588 3767 715 3846 umbros}
730 3766 1002 3845 coordeot'odrult,
1022 3769 1154 3836 dieseon

65 3882 277 3971 »opperlrcofd
294 3906 332 3969 op
351 3880 407 3946 hen
425 3880 530 3947 moisen
548 3880 607 3948 wit.
627 3880 694 3946 Een
710 3881 1155 3970 grootvorstkoucicbnieuwe

64 4027 82 4064 ιι
91 3996 285 4069 onderdauen
310 3995 474 4082 seheppeu,
499 3994 551 4060 let
575 3993 643 4061 soll
661 3996 777 4062 uerloot
796 3997 987 4086 ullengslrens
1002 3996 1081 4089 zp'ue
1097 4021 1155 4062 on-

14 4210 19 4214 .
87 4170 128 4236 (t)
148 4167 213 4224 Genu
229 4170 273 4237 qui
287 4141 411 4225 obeirseul
427 4168 441 4218 ἀ
457 4184 491 4224 uo
508 4169 547 4219 cci
562 4167 709 4239 contusis·
724 4130 874 4227 tdurmeptdr
890 4168 985 4222 d’uuric
998 4173 1024 4218 et
1039 4167 1070 4223 de
1083 4169 1164 4232 jelom

47 4264 102 4324 rie,
128 4277 178 4325 que
194 4277 255 4313 ceux
271 4263 316 4328 qui
331 4263 412 4314 virent
427 4262 487 4314 daus
502 4276 550 4311 une
566 4261 988 4339 aristocratimtostuturlwmQ
1004 4262 1102 4318 crocu.
1112 4262 1164 4318 tos

33 4359 110 4409 Rom.
128 4352 169 4404 cb.
186 4353 210 4404 d.
364 4350 366 4357 '
