2806 5324
586 367 634 441 77

46 547 167 618 denter
197 550 370 616 instituatur
400 551 529 618 civitatis
557 554 793 629 administratio,
825 561 985 640 sancteque
1014 554 1148 619 colantur

55 659 182 753 imperii
213 665 327 741 officia,
351 665 473 732 libertas
494 668 525 732 in
547 669 723 735 monarchia.
741 669 903 734 laetissima
924 667 1025 743 florem
1051 668 1075 731 si
1101 687 1147 730 se·

62 797 137 856 cus,
160 778 293 860 tyrannis
315 779 345 844 in
368 780 468 846 liberis
488 782 564 858 illis,
588 805 661 869 quas
682 793 811 854 vocant,
830 779 1061 866 rehuspublicis,
1082 779 1148 844 tris·

62 893 176 960 tissima
205 893 312 960 saevit.
342 872 405 958 Nec
437 914 507 959 vero
529 895 619 961 etiarn
640 897 783 962 minorem
805 897 889 970 illas,
912 895 1148 982 quauu'lonmam

65 1000 304 1082 monarchicam,
332 1007 550 1090 proclivitatem
576 1010 614 1075 ad
643 1011 830 1092 tyrannidem
849 1009 959 1074 hahere
977 1030 1012 1073 ex
1028 1007 1151 1072 bistoria

60 1130 162 1204 patet,
196 1141 266 1185 curn
292 1140 382 1205 saepe
408 1122 563 1188 durissima
590 1133 619 1188 et
639 1125 690 1190 rix
709 1125 876 1190 tolerabilia
894 1125 1021 1210 perpessi
1039 1121 1150 1187 inerint

51 1235 183 1321 populi,
212 1235 290 1319 apud
310 1257 383 1321 quos
407 1256 467 1300 non
484 1258 577 1314 unus,
598 1239 650 1303 sed
670 1241 768 1323 plures
786 1261 932 1304 summam
949 1258 1047 1303 rernm
1065 1245 1148 1300 teue-

39 1347 156 1425 hant,
181 1349 273 1414 veluti
293 1347 506 1424 Athenienses,
526 1372 595 1416 cum
613 1363 709 1418 essent
725 1354 846 1437 triginta
862 1354 1000 1437 tyranni,
1021 1347 1150 1416 Romani

30 1464 119 1528 sub
144 1461 342 1539 Decemviris,
366 1463 553 1533 Triumviris.

103 1579 260 1661 Neglectis
284 1597 356 1644 vero
375 1577 580 1657 hujuscemodi
597 1578 856 1644 vociferationibus
877 1575 1082 1649 calumniosis,
1105 1573 1151 1638 vi·

10 1693 189 1758 deamns
205 1693 315 1779 quihus
327 1701 478 1776 praeterea
494 1711 558 1756 sess
573 1695 758 1757 commendet
771 1692 954 1758 monarchia.
966 1689 1013 1755 'Ac
1025 1686 1151 1773 primurn

10 1805 450 1894 qnidtm'antiqnissimum
478 1817 522 1871 est
548 1807 667 1892 Imperii
692 1816 788 1890 genus
811 1807 874 1892 (l),
906 1815 994 1892 atque
1014 1802 1070 1868 hoc
1090 1803 1153 1886 ipso

10 1924 201 1988 maturae
219 1920 455 1987 convenientior:
489 1942 545 1987 nec
572 1924 700 1996 mirum,
724 1942 793 1986 cum
809 1921 839 1985 in
856 1920 920 2006 ipsa
941 1918 1033 2004 patris
1049 1923 1152 1981 ancto-

10 2037 173 2110 xitate,
205 2035 277 2120 quin
305 2035 381 2100 adeo
406 2036 438 2100 in
464 2035 528 2121 ipsa
554 2045 661 2101 natura
687 2035 852 2119 exemplum
872 2054 907 2097 ac
925 2030 1153 2098 fundamentum

10 2141 206 2216 labuerit
229 2148 289 2236 (2).
311 2147 431 2214 Assncti
448 2150 527 2214 enirn
545 2150 678 2230 homines
694 2147 746 2214 uni
764 2146 971 2233 patrifamilias
982 2144 1155 2231 obsequium

29 2283 189 2347 genere,
209 2263 348 2349 illiusque
370 2264 515 2349 imperata
539 2264 660 2339 lacere,
683 2263 715 2329 in
734 2264 885 2330 civitatem
905 2260 1101 2327 transilientes
1120 2277 1156 2321 ex

36 2378 207 2443 (amnibus
223 2391 314 2442 unam
331 2379 527 2454 constituere,
552 2379 602 2463 qui
621 2399 728 2443 munus
747 2377 866 2462 Imperii
880 2377 985 2442 obiret.

109 2492 223 2557 Ornnes
254 2511 372 2576 quoque
401 2493 523 2576 populos
542 2491 686 2578 principio
715 2493 857 2576 regimine
880 2491 1071 2564 monarchico
1089 2508 1157 2553 usos

53 2604 177 2682 fuisse,
200 2626 236 2671 ex
254 2605 377 2671 historia
397 2607 529 2671 docetur.
551 2605 601 2670 Sic
616 2606 727 2688 inclyta
748 2606 845 2670 Roma
863 2605 989 2692 priunum
1006 2625 1090 2688 neges
1101 2602 1157 2668 ba·

65 2719 154 2795 buit,
177 2729 207 2785 et
225 2729 327 2804 postea
344 2719 490 2784 intestinis
507 2718 637 2784 motibus
653 2720 704 2784 diu
722 2719 864 2786 convulsa
879 2729 909 2784 et
922 2718 1007 2784 bellis
1020 2715 1157 2783 civilibus

72 2833 211 2916 fatigata,
230 2834 268 2898 ad
285 2832 489 2898 monarchiam
507 2853 626 2900 reversa
640 2842 695 2900 est.
711 2833 760 2898 Sic
774 2832 955 2899 Graecorum
972 2854 1040 2898 curu
1054 2833 1158 2914 Ulysse

73 2947 152 3032 apud
181 2947 344 3012 Homerum
376 2945 500 3032 antiqua
530 2949 627 3033 opinio
651 2958 735 3024 erat,
758 2972 819 3013 non
842 2948 948 3013 bonum
969 2970 1032 3013 esse
1053 2948 1158 3012 multos

39 3088 46 3111 r
73 3058 238 3147 imperare:
266 3083 358 3125 unum
387 3069 521 3148 oportere
545 3086 608 3137 csse
626 3063 841 3150 imperantem,
866 3085 956 3127 unum
974 3085 1072 3150 regem
1090 3060 1155 3144 (3);

72 3183 102 3238 et
124 3195 183 3238 non
212 3174 268 3238 nisi
294 3174 388 3252 serius
411 3186 500 3261 atque
518 3198 554 3242 ex
568 3178 638 3264 ipsis
657 3177 895 3243 monarchiarum
914 3176 1008 3240 ruinis
1023 3176 1160 3240 civitates
1231 3197 1238 3213 ³

70 3307 141 3352 suas
159 3289 314 3372 populares
334 3289 536 3357 aedificarunt.
560 3291 641 3372 Quin
659 3293 737 3368 imo,
761 3300 795 3356 nt
814 3292 852 3355 ad
871 3289 1008 3355 citeriora
1023 3288 1157 3361 veniam,

91 3487 129 3544 (l)
143 3484 249 3550 ‘Regium
266 3487 291 3536 iu
309 3490 376 3538 terris
393 3504 481 3538 nomeu
498 3489 597 3555 Imperii
614 3491 718 3556 primum
733 3491 788 3539 luit.
812 3489 881 3540 Sunt.
900 3488 976 3538 coeit.
993 3489 1018 3540 2.
1034 3512 1065 3526 -·
1081 3487 1171 3538 Omnes

52 3577 173 3642 antiquas
196 3586 280 3644 gentes
306 3582 402 3647 regibus
427 3583 550 3647 quondam
574 3589 715 3648 paruerunt.
741 3583 795 3633 Cre.
820 3583 851 3631 ds
876 3583 922 3646 leg.
947 3580 992 3631 111.
1009 3580 1033 3630 2.
1057 3607 1088 3620 ·-
1113 3578 1170 3629 Par·

54 3685 142 3734 parum
166 3673 240 3737 igitur
263 3673 373 3724 Purattu.
401 3693 440 3740 op.
458 3678 476 3727 l.
493 3675 546 3726 vlt.
566 3673 590 3727 5.
608 3680 635 3728 4,
651 3691 707 3724 cunr
734 3688 828 3725 nonnus.
855 3677 885 3725 ds
911 3652 965 3725 eico
990 3674 1046 3727 vlt.
1069 3672 1100 3738 8,
1129 3673 1172 3722 dc«

54 3765 199 3813 mocratinm
217 3768 407 3830 antiquissimam
423 3769 495 3829 lacit,
513 3777 664 3835 repugnante
679 3769 775 3818 bistonio
792 3775 840 3819 tam
857 3785 937 3827 sucro,
958 3783 1030 3833 quum
1047 3765 1154 3832 prolana.

89 3859 129 3920 (l)
144 3857 236 3908 Natura
253 3867 389 3912 commenta
407 3867 442 3910 est
458 3877 549 3926 rapam.
565 3863 654 3913 smne.
671 3865 701 3913 do
720 3863 797 3913 clam.
814 3863 834 3912 l.
854 3859 893 3912 t9.
910 3857 1074 3909 Monarchiam
1091 3863 1171 3905 autern

52 3953 122 4002 inter
138 3968 222 4001 omncs
238 3954 337 4022 Imperii
352 3954 440 4004 formas
456 3958 559 4007 maxime
575 3963 676 4005 naturus
693 3955 817 4005 bominum
834 3955 980 4015 convenire,
991 3953 1029 4002 rel
1046 3969 1075 4002 cx
1091 3967 1172 4016 coop·

53 4046 116 4096 time
138 4046 240 4111 probaro
257 4048 330 4110 licut,
350 4048 416 4114 qnod
432 4051 458 4099 in
474 4065 503 4098 sn
519 4049 571 4099 sola
587 4050 653 4114 leger
669 4048 862 4098 lundamcntalcr
878 4048 1035 4114 reperiuntur,
1058 4043 1095 4094 Cl.
1110 4043 1172 4094 infra
1257 4091 1259 4094 Α

52 4154 113 4204 nes·
132 4137 163 4188 8⁷
182 4155 237 4204 ⁸utr-

91 4228 136 4297 (3)
154 4240 206 4305 οὐκ
228 4241 343 4318 decido
366 4239 586 4322 πολυκοιρανίη·
608 4235 650 4315 εἷς
675 4241 805 4322 reciproca
828 4238 905 4313 ἔςο,
929 4235 971 4313 εἷς
993 4239 1152 4320 βασιλεύς.

734 4343 808 4398 lliod.
826 4341 857 4394 lt.
876 4359 897 4399 v.
915 4345 972 4396 204.
