2806 5324
687 399 736 474 at

160 587 216 676 qni
239 586 306 652 aliis
327 598 418 652 onera
437 608 524 674 saepe
543 589 647 672 gravia
666 589 838 674 imponant,
858 588 913 672 ipsi
931 609 990 654 non
1005 588 1099 671 digito
1115 586 1207 655 velint
1224 608 1260 653 ea

159 721 294 772 movere.
312 703 428 786 ltaque
443 703 614 768 sinutnrae
631 702 678 782 jos
700 702 910 786 respiciamus,
928 704 1010 787 quod
1028 719 1144 787 semper
1165 703 1261 767 tendit

161 817 204 880 ad
229 817 373 901 optimum
396 827 427 882 ct
452 837 521 882 eum
543 817 659 881 dictitet
682 837 746 882 esse
765 817 982 900 legislatorem,
1005 817 1112 904 quisit
1129 818 1263 882 omnium

161 929 361 1010 iustissimus,
385 953 445 997 non
467 940 511 997 est
533 930 659 995 dubium
677 931 751 1016 quin
768 932 820 997 illa
838 933 1017 1018 praecipiat,
1037 932 1116 1019 quod
1135 933 1261 1019 quisquc

160 1045 195 1108 irr
217 1045 291 1111 alios
312 1046 472 1121 statuerit,
500 1046 563 1131 ipse
584 1044 689 1109 eodem
716 1045 782 1125 jure
807 1054 910 1111 utatur
930 1047 991 1135 (l).
1022 1048 1148 1114 Student
1170 1047 1262 1132 igitur

161 1160 334 1245 lmperans,
358 1172 393 1226 ut
413 1163 513 1245 legum
535 1180 657 1225 suarum
674 1181 734 1225 non
753 1161 924 1229 inventione
941 1162 1036 1246 magis
1053 1183 1145 1249 quarn
1162 1183 1261 1229 exem·

161 1276 211 1361 plo
239 1274 279 1338 sit
305 1275 430 1350 clarior;
455 1275 603 1361 siquidem
630 1273 1001 1357 excitandosnbdiroron
1026 1277 1186 1364 obsequio,
1212 1297 1263 1344 eos

159 1391 205 1456 ita
234 1390 357 1456 facilius
385 1390 559 1457 obedientes
586 1389 720 1456 babebit.
757 1386 954 1476 Compositio
984 1390 1065 1458 orbis
1092 1392 1188 1484 Regis
1218 1393 1276 1460 od·

159 1507 338 1592 exemplum.

203 1619 271 1684 Nec
293 1639 364 1686 vero
386 1619 454 1706 quis
474 1619 594 1707 Imperii
618 1619 818 1698 reverentiam
840 1621 885 1687 ita
907 1621 1033 1706 deprimi
1052 1623 1262 1709 contemnique

160 1742 256 1818 putet.
281 1733 371 1814 Quod
393 1733 474 1800 enim
497 1755 566 1800 cum
584 1735 667 1828 leges
682 1734 812 1810 scribat,
836 1735 899 1821 ipse
925 1755 1045 1821 quoque
1071 1736 1186 1820 legibus
1202 1758 1260 1824 pa-

159 1857 248 1921 rcat,
271 1869 333 1913 non
354 1858 473 1915 tantum
491 1847 529 1914 de
551 1847 696 1931 dignitate
713 1847 778 1926 eins
798 1849 875 1915 nibil
893 1851 1059 1937 quidquam
1077 1851 1258 1930 detrahitur,

158 1983 268 2032 verum
295 1973 325 2027 et
353 1964 476 2047 insignis
502 1962 573 2027 hinc
597 1962 641 2028 illi
665 1962 759 2027 oritur
782 1963 880 2029 laudis
906 1965 1054 2031 accessio:
1083 1963 1157 2050 tegis
1181 1965 1260 2032 enirn

159 2079 354 2146 observantia
375 2080 406 2144 in
429 2077 557 2143 subditis
576 2075 699 2163 quidem
718 2075 876 2159 superioris
893 2081 1048 2162 potestatis
1066 2080 1259 2166 obsequium,

158 2194 193 2259 in
216 2193 386 2278 imperante
402 2212 473 2260 vero
491 2190 651 2276 aequitatis
668 2189 801 2254 studium
819 2200 874 2255 est.

205 2306 339 2373 Omnino
365 2307 458 2390 igitur
487 2306 641 2392 lmperans
670 2304 788 2386 legibus
814 2305 968 2386 subjectns
995 2317 1057 2383 est;
1086 2307 1261 2394 etquidem

159 2422 279 2505 legibus
295 2419 587 2493 fundamentalibus,
608 2417 680 2503 quia
697 2417 1259 2505 siueillislmperansnonestrlegibus
1353 2420 1357 2425 ’

158 2535 305 2620 politicis,
319 2517 534 2621 'quia'modnm
554 2531 714 2606 deliniunt,
732 2551 791 2618 quo
805 2531 914 2599 debeat
932 2534 1056 2601 existere
1072 2537 1104 2602 in
1122 2536 1261 2608 civitates

158 2651 278 2734 legibus
305 2651 434 2735 denique
465 2647 622 2724 civilibus,
646 2647 717 2732 quia
746 2667 815 2732 pars
846 2657 892 2712 est
915 2649 1151 2726 communitatis,
1175 2650 1260 2730 cujus

157 2775 261 2852 partes
284 2786 387 2859 omnes
413 2763 548 2848 componi
574 2762 684 2829 debent
709 2762 747 2827 ad
766 2763 912 2829 rationem
929 2765 1070 2830 universi.
1092 2764 1169 2830 Solis
1188 2783 1260 2830 vero

157 2882 276 2964 legibus
296 2878 471 2967 poenalibus
486 2877 638 2956 subjectus
655 2896 718 2941 esse
738 2877 852 2960 nequit.
883 2878 915 2942 Si
944 2879 1023 2943 enim
1047 2897 1173 2963 persona
1197 2876 1257 2940 lm·

156 2996 290 3082 peractis
311 2994 378 3060 aliis
393 2993 564 3059 bominibus
582 2991 715 3057 rationes
733 2992 858 3058 reddere
881 2994 1026 3069 deberet,
1045 2990 1193 3076 generalis
1209 3011 1257 3056 so·

159 3112 278 3177 rietatis
298 3111 454 3184 voluntas,
485 3108 572 3188 cnjus
592 3106 765 3171 exercitium
786 3115 853 3182 est,
876 3106 1074 3187 subjiceretur
1096 3104 1258 3174 voluntati·
1350 3124 1355 3135 “

156 3228 215 3291 bns
232 3226 371 3311 privatis,
391 3225 515 3310 ipsaque
531 3223 579 3314 len
596 3221 741 3286 ministris
760 3221 842 3285 suis:
866 3219 898 3286 id
921 3222 1000 3306 quod
1024 3219 1188 3286 absurdum
1200 3226 1255 3290 est,

200 3342 234 3405 2.
256 3378 299 3390 -
322 3341 423 3404 llabet
442 3336 570 3424 denique
588 3355 737 3401 summum
755 3335 916 3420 Imperium
935 3336 1116 3421 peculiarem
1136 3351 1258 3416 qnoque

158 3570 212 3634 sed
232 3578 262 3633 et
280 3567 345 3648 eius
368 3568 525 3653 asperitas,
546 3587 606 3630 non
621 3585 708 3629 secus
722 3572 840 3649 atquea
859 3562 961 3629 liberis
978 3571 1135 3647 parentum
1155 3582 1257 3627 moro-

158 3685 251 3754 sitas,
275 3703 293 3747 a
313 3680 429 3748 civibus
447 3682 487 3745 sit
504 3679 639 3744 serenda.

202 3798 306 3885 Atque
331 3798 407 3862 illud
425 3797 542 3860 axioma
563 3796 639 3859 adeo
659 3813 764 3860 verum
782 3800 841 3866 est,
864 3801 897 3856 ut
914 3800 1067 3876 receptum
1087 3793 1125 3857 sit
1142 3791 1174 3857 in
1190 3810 1255 3854 om·

156 3913 247 3978 nibus
263 3911 463 3985 monarchiis,
484 3910 515 3974 in
533 3908 643 3994 quibus
652 3907 734 3975 velut
742 3906 920 3992 praesidium
930 3925 1034 3987 regum
1044 3915 1072 3970 et
1082 3886 1278 3990 populorum⁹

179 4107 224 4174 (ll
250 4105 318 4157 Nihil
337 4111 387 4155 tum
404 4079 527 4171 proprium
543 4100 644 4177 Imperii
659 4105 697 4152 eet
712 4117 786 4165 quem
802 4063 897 4164 legibue
915 4098 1010 4157 virere,
1027 4098 1064 4144 erl
1079 4096 1104 4142 in
1121 4094 1140 4146 Ι.
1156 4093 1171 4144 3
1188 4093 1217 4144 C.
1233 4096 1264 4144 de

143 4208 244 4253 torum.
262 4198 380 4260 -Quod
397 4198 467 4247 nobie
482 4197 558 4246 licere
574 4211 622 4243 non
640 4196 761 4260 patimur,
778 4193 833 4242 aliie
848 4190 991 4240 indicamus·
1010 4187 1028 4239 l.
1048 4189 1062 4236 d
1080 4184 1111 4275 C,
1127 4187 1158 4236 de
1169 4191 1225 4277 lep.¹
1240 4197 1266 4237 ct

141 4297 247 4347 constit.
263 4295 347 4360 princ.
364 4317 397 4330 -
412 4289 457 4340 tu·
473 4287 543 4339 nobie
560 4301 616 4336 cum
634 4285 730 4351 privatis
747 4299 796 4334 non
808 4281 967 4345 dedignemur
984 4294 1037 4329 erre
1053 4294 1195 4331 commune.
1207 4277 1266 4336 lob

140 4389 173 4441 C.
193 4387 288 4440 Theud.
305 4386 336 4436 do
349 4384 473 4450 appellet.
