2806 5324
605 310 628 381 7

73 497 276 586 »Sequuntur
293 495 419 563 fratrum
436 497 673 579 conjunctionem
690 507 755 583 post
771 496 1010 562 consobrinorum
1022 496 1159 562 sobrino-

73 632 241 699 urumque,
264 613 315 698 qui
336 631 404 676 curn
420 633 481 676 una
500 612 587 676 domo
605 613 664 691 jam
681 613 747 697 capi
766 634 825 677 non
843 611 970 697 possint,
984 613 1014 675 in
1026 611 1160 675 alinsdo-

73 748 171 792 umns
195 737 339 814 tanquam
358 728 389 791 in
407 726 537 791 colonias
553 735 669 791 exeunt.
692 727 862 813 Sequuntur
879 724 1026 790 connubia
1044 734 1074 789 et
1092 725 1158 787 alli-

74 842 227 918 ›rnitates‚
245 841 499 928 exquibusetiam
516 841 681 926 propinqui.
704 842 790 921 Quae
807 841 979 925 propagatio
997 849 1026 903 et
1042 840 1159 903 soboles

74 957 185 1040 »origo
214 966 258 1021 est
281 957 594 1042 rerumpublicarum»
609 954 667 1040 (l).
697 954 735 1018 Et
757 955 825 1019 licet
845 955 895 1018 alii
923 954 1000 1017 banc
1029 946 1164 1017 ciuitatis¹

69 1071 219 1154 originem
246 1071 326 1134 male
358 1069 488 1135 ludibrio
523 1069 673 1143 babeant,
703 1090 853 1156 nunquam
885 1069 1038 1154 perspicue
1063 1067 1158 1148 magis

70 1184 157 1249 illam
174 1202 226 1268 per
243 1175 451 1251 c'onventiones
467 1184 620 1248 bominum
645 1184 845 1267 explicabunt.
865 1183 913 1247 Sic
931 1205 961 1248 v.
981 1205 1009 1248 o.
1028 1205 1156 1247 aurern.

67 1295 110 1361 de
126 1296 204 1364 June
220 1295 296 1365 Nat.
317 1304 347 1362 et
374 1295 462 1363 Geni.
488 1297 541 1362 lib.
559 1297 615 1362 llll
635 1316 662 1360 c.
684 1296 711 1361 l.
731 1298 748 1378 §
771 1299 801 1361 5.
825 1316 891 1361 eam
912 1297 998 1361 docte
1026 1297 1154 1361 refutat:

68 1410 223 1496 «perinde
248 1418 292 1474 est
314 1430 349 1474 ac
375 1410 400 1474 si
429 1409 495 1495 quis
522 1410 645 1483 dixerit,
672 1430 707 1474 ex
733 1411 845 1474 semine
870 1411 974 1475 crescit
994 1410 1099 1482 arbor,
1122 1429 1158 1473 ex

71 1524 208 1589 »arbore
226 1521 305 1610 {iuni
321 1524 436 1598 trebes3
457 1525 514 1588 lrae
532 1525 757 1589 interserente
775 1532 946 1608 compactae
965 1543 1070 1589 navem
1087 1544 1157 1587 con-

71 1638 240 1702 »stituents
258 1656 328 1720 ergo
345 1639 476 1704 naturali
492 1638 699 1703 consecutione
718 1648 807 1723 atque
823 1639 926 1702 ordine
941 1637 1024 1702 navis
1038 1646 1082 1701 est
1093 1640 1123 1702 »l
1132 1638 1157 1701 ll

46 1781 49 1802 ι
114 1750 275 1815 Caeterum
291 1773 490 1816 runnunonrn
511 1753 694 1838 aliorumque
713 1752 875 1828 sententia,
893 1752 958 1838 qui,
975 1753 1044 1817 licet
1062 1750 1158 1813 bonni-

69 1882 141 1928 nem
168 1885 228 1929 uon
253 1864 368 1930 animal
393 1863 531 1929 scombile
556 1875 680 1946 negent,
701 1866 771 1930 inde
789 1876 888 1930 tamen
907 1887 966 1929 non
983 1864 1065 1949 sequi
1083 1864 1159 1927 exis-

69 1978 197 2052 timant,
221 1974 290 2042 eum
311 1987 419 2043 natura
440 1979 479 2042 ad
501 1978 672 2043 societatem
695 1980 812 2045 civilem
832 1979 922 2055 terri,
949 1979 1001 2042 sed
1027 1983 1158 2040 mutuum

70 2096 180 2154 metum
201 2092 351 2177 impulisse
370 2091 505 2157 homines
535 2102 570 2157 ut
598 2092 749 2158 civitatem
778 2094 1005 2163 constituerent,
1030 2092 1159 2156 multum

69 2225 89 2267 a
115 2205 236 2269 ‘ratione
267 2215 298 2271 et
325 2207 451 2275 veritate
477 2206 559 2272 abire
585 2208 713 2271 videtur.
740 2207 823 2271 Nam
841 2206 935 2290 primo
954 2203 1157 2291 philosophiae

69 2326 177 2383 eorum
196 2320 410 2386 inconcinnitas
426 2341 462 2387 er
478 2341 514 2385 eo
529 2322 657 2384 maxime
674 2329 809 2405 apparet,
829 2320 907 2406 qnod
922 2320 978 2383 'illa
997 2318 1162 2382 necessario

67 2433 219 2518 requirat,
243 2445 279 2500 ut
297 2434 451 2502 hominum
477 2436 580 2518 ingens
605 2435 764 2499 multitudo
790 2455 852 2500 una
870 2431 1059 2505 convenerit,
1082 2450 1161 2516 quae

69 2547 110 2611 de
129 2547 217 2611 rnalis
232 2547 293 2612 suis
311 2548 471 2636 eorumque
490 2550 628 2614 remediis
649 2560 767 2614 mature
787 2547 1014 2620 deliberaverit,
1035 2554 1066 2609 et
1091 2554 1159 2608 tan·

66 2660 139 2726 dem
169 2646 234 2744 post
266 2663 525 2745 deliberationem
544 2666 680 2732 civitates
712 2663 881 2728 condendas
915 2676 986 2726 esset
1009 2660 1159 2723 statuerit.

66 2775 159 2854 Quod
176 2775 216 2839 ab
234 2777 313 2864 omni
332 2777 591 2844 verisimilitudine
612 2790 656 2844 est
677 2786 797 2864 prorsus
812 2776 958 2848 alienum,
976 2797 1044 2840 cum
1060 2773 1160 2839 omnia

66 2887 356 2956 bumanainstituta
374 2912 392 2955 a
410 2892 589 2958 tenuissimis
606 2894 677 2959 oriri
692 2894 806 2957 soleant
827 2890 918 2956 initiis
933 2888 1058 2968 (aalma
1078 2889 1157 2952 enim

66 3025 223 3088 uunquam
238 2985 372 3088 procedit
388 3007 569 3091 perscitus,
588 3007 631 3070 ait
650 3004 824 3088 nnrnunnz),
844 3013 874 3069 et
896 3010 1059 3069 conventus
1079 3001 1160 3080 ejus·

66 3115 150 3179 modi
171 3125 261 3202 atque
283 3117 458 3182 deliberatio
479 3119 561 3183 nullo
583 3120 671 3183 m‘odo
700 3118 818 3203 probari
837 3126 965 3204 queant3
987 3136 1042 3180 nec
1071 3135 1160 3198 prae·

65 3234 151 3293 terea
169 3226 303 3296 homiues
320 3209 463 3297 bonorum
483 3234 532 3299 vel
557 3233 704 3297 malorum
733 3233 869 3298 civitates
896 3216 1159 3295 concomitantium

64 3352 204 3407 exactam
233 3346 313 3410 satis.
334 3346 471 3411 notitiam
500 3345 610 3410 babere
640 3344 807 3429 potuerint,
838 3354 941 3428 utpote
971 3363 1047 3429 quae
1071 3344 1160 3424 longa

64 3457 270 3541 experientia,
301 3469 365 3544 post
396 3461 572 3526 constitutas
596 3460 750 3533 civitates,
782 3460 820 3523 ad
850 3479 901 3524 eos
923 3459 972 3523 vir
993 3456 1157 3542 perueniat.

64 3569 187 3651 Negata
217 3583 316 3636 antem
343 3594 379 3638 ea
406 3573 531 3647 notitia,
561 3573 689 3657 primum
722 3579 841 3658 pactum
873 3569 992 3637 unionis
1024 3571 1159 3656 illudque

63 3685 235 3749 insecutum
256 3683 404 3750 decretum
424 3709 642 3763 eurnnnonmr,
668 3697 763 3752 toturn
785 3697 905 3752 corruat
928 3709 1046 3753 necesse
1068 3697 1123 3752 est.

87 3910 130 3972 (l)
145 3907 183 3959 De
199 3910 241 3978 off}
257 3910 280 3962 Ι.
298 3912 337 3963 17.
352 3938 385 3950 -
401 3911 463 3963 ddd.
479 3913 509 3962 de
522 3912 592 3977 perid.
609 3912 641 3964 V.
651 3911 696 3963 23:
714 3913 773 3963 nilril
789 3920 828 3963 eet
839 3919 887 3963 lnm
897 3913 1127 3973 illustre‚.,.,cnet.
1137 3935 1170 3952 «-

53 4002 151 4054 Bodenr
166 4003 217 4052 less
233 4004 305 4052 modo
320 4016 512 4054 nrnnrnnrrrrrus
528 4009 628 4070 quoquc
644 4016 736 4057 nostros
752 4009 777 4056 in
794 4007 1039 4073 opore'siclluuds'pe
1050 4009 1170 4057 certand-

51 4098 82 4150 3·
100 4103 213 4162 eutrop,
232 4112 286 4146 earn
301 4114 354 4147 csse
370 4101 465 4163 generis
480 4098 579 4147 humani
595 4106 679 4148 conset
695 4101 827 4160 rationem,
845 4115 899 4147 enm
912 4099 1061 4147 harmoniam
1074 4104 1099 4147 el
1110 4115 1170 4147 corr·
1207 4113 1214 4122 ·

50 4206 169 4250 amum,
186 4206 240 4240 erm
267 4176 374 4256 denique
390 4193 562 4257 indigentium,
589 4199 617 4241 ut
632 4193 736 4258 primurn
752 4170 880 4240 connubiis
892 4192 1030 4257 jungentur
1046 4191 1169 4258 homiues,

51 4286 113 4337 inde
129 4287 156 4337 in
173 4285 276 4337 familior
292 4290 447 4352 excrescent,
465 4301 480 4338 ο
495 4283 590 4336 familiis
607 4301 662 4336 vero
679 4287 703 4336 in
721 4272 831 4339 ciuitates
847 4286 996 4342 coalescent.

1111 4796 1332 4992 ..n
