2806 5324
712 353 815 447 tt

245 563 331 628 lateri
358 562 488 646 cogeris,
515 548 687 640 hujusmodi
715 560 869 628 civitatem
895 583 953 627 uon
981 561 1045 627 lore
1071 562 1262 640 societatem,
1282 565 1338 630 sed

246 678 483 742 dissociationem
502 678 672 741 maximam.

290 790 447 854 Caeterum
466 791 518 874 qui
538 792 721 857 voluntatem
737 769 837 873 populi
855 809 941 853 omne
958 788 1088 857 civitatis
1097 800 1127 854 et
1137 791 1255 876 Imperii
1264 792 1336 856 iun-

244 906 417 968 damentum
447 920 509 968 esse
538 903 741 979 contendunt,
769 925 827 968 non
846 912 989 988 possunt,
1007 904 1081 988 quin
1096 888 1200 968 statim
1222 906 1338 990 inipso

245 1019 346 1081 limine
373 1017 553 1102 quaestionis
569 1018 601 1080 in
617 1020 739 1082 miseras
756 1017 1006 1082 contradictiones
1026 1028 1055 1083 et
1071 1018 1336 1103 inconsequentiae

245 1133 390 1197 incidant.
412 1131 533 1196 Scilicet
549 1132 678 1216 primum
698 1113 804 1196 docere
820 1132 984 1216 incipiunt,
998 1132 1112 1196 nullam
1132 1133 1206 1211 juris
1220 1136 1336 1213 securi·

244 1256 336 1311 tatem
357 1257 439 1310 entra
458 1248 609 1311 civitatem
629 1267 666 1310 ne
685 1248 810 1328 cogitari
826 1247 947 1330 quidem
967 1266 1066 1330 posse;
1090 1268 1157 1312 mon
1177 1264 1247 1314 uero
1264 1271 1335 1333 pro·

245 1361 404 1435 nunciant,
434 1382 553 1435 ornnes,
573 1362 641 1447 qui,
663 1372 697 1425 ut
716 1360 794 1424 banc
812 1361 981 1431 obtineant,
1001 1361 1031 1423 in
1051 1361 1206 1428 ciuitatem
1223 1384 1335 1428 couve-

244 1475 308 1539 nire
338 1475 478 1560 cupiunt,
505 1476 672 1542 necessario
693 1476 775 1557 cogi.
794 1485 829 1540 ut
843 1485 955 1541 certam
973 1475 1125 1558 quandam
1143 1487 1256 1560 partem
1274 1479 1334 1542 illi·

245 1585 451 1653 mitataesuae
471 1591 636 1665 libertatis,
658 1602 687 1657 et
708 1599 820 1655 certam
839 1592 991 1675 quandam
1005 1601 1120 1676 partem
1137 1593 1337 1659 illimitatisui

145 1790 150 1799 Ι
244 1702 317 1781 juris
340 1704 429 1768 rebus
451 1716 482 1770 et
500 1707 631 1789 personis
648 1706 709 1770 suis
727 1728 780 1790 pro
799 1706 924 1771 arbitrio
943 1708 1066 1782 utendi,
1089 1709 1128 1772 ad
1148 1708 1336 1774 constituen-

243 1817 314 1880 dam
351 1819 502 1887 civitatem
537 1821 712 1895 concedant.
749 1821 799 1885 Sic
828 1829 946 1893 autem,
980 1824 1058 1905 quod
1087 1823 1142 1906 ipsi
1171 1824 1251 1908 prius
1277 1844 1337 1888 ne-

241 1944 369 2014 garunt,
396 1945 465 2000 ante
491 1945 521 1999 et
543 1946 626 2002 extra
648 1923 804 2004 civitatem
832 1935 998 2000 dominium
1027 1936 1056 2001 et
1083 1938 1252 2002 libertatem
1278 1939 1336 2002 ba·
1384 1976 1387 1981 ·

241 2050 306 2114 beri
326 2071 410 2134 posse
429 2050 596 2115 declarant.
616 2052 660 2115 Ex
678 2069 779 2115 eorsum
797 2049 1000 2134 repugnantiis
1019 2069 1167 2134 quaenam
1186 2052 1333 2126 peracit,

127 2219 130 2223 Α
242 2166 393 2250 inquirere
415 2169 573 2240 nolumus;
602 2168 655 2231 sed
679 2166 703 2230 si
734 2167 863 2250 priorem
877 2165 1098 2238 admittamus,
1124 2188 1177 2231 cur
1199 2187 1272 2250 opus
1290 2178 1336 2232 est

127 2361 129 2366 .
224 2258 389 2344 civitate?
405 2250 490 2347 'Nam
506 2283 532 2346 si
549 2291 632 2345 extra
651 2282 803 2346 civitatem
822 2280 944 2344 libertas
960 2289 988 2344 et
1008 2280 1172 2347 dominium
1190 2281 1263 2345 satis
1281 2283 1335 2346 de-

241 2393 325 2458 lendi
343 2406 472 2481 queant,
494 2397 567 2482 quid
586 2397 717 2480 proderit
733 2395 765 2460 in
785 2394 938 2459 civitatem
954 2395 1069 2471 coiret,
1091 2395 1171 2459 Sane
1188 2395 1337 2474 eiusmodi

193 2521 195 2527 ·
240 2505 385 2585 societas,
406 2511 437 2574 in
457 2510 514 2575 hoc
535 2531 633 2575 rernm
652 2530 742 2584 casu,
760 2509 874 2574 nnllam
893 2528 1010 2592 prorsus
1026 2508 1335 2582 utilitatem,nullum

240 2620 329 2686 finem
346 2623 485 2689 babebit.
506 2625 545 2689 Et
558 2646 593 2688 ex
613 2625 731 2692 diverso
749 2643 868 2709 quoque
885 2625 911 2688 si
932 2624 1086 2697 dicamus,
1102 2633 1187 2687 entre
1204 2622 1334 2689 societa-

240 2744 301 2809 tem
318 2738 471 2821 politicam
492 2740 606 2804 nullam
623 2738 696 2818 iuris
710 2739 921 2813 securitatem,
941 2748 1032 2822 atque
1051 2739 1092 2801 ob
1112 2738 1142 2801 id
1159 2738 1252 2821 ipsum
1265 2739 1335 2802 nul-

240 2853 302 2916 lum
327 2853 373 2930 jus
390 2854 520 2918 obtineri
537 2875 636 2938 posse,
661 2853 921 2938 quomodo‘igitur
941 2863 1055 2938 partem
1074 2851 1206 2936 aliquam
1224 2851 1336 2930 jurium

239 2988 360 3033 suorum
379 2971 417 3033 ad
439 2970 678 3033 constituendam
695 2964 848 3036 civitatem
865 2969 999 3035 conterre
1016 2967 1198 3054 potuerunt?
1218 2976 1247 3032 et
1259 2987 1338 3050 quo-

239 3082 329 3177 modo
355 3103 391 3147 ex
419 3083 544 3148 diversis
569 3084 715 3162 ejusmodi
732 3086 849 3151 collatis
867 3086 1003 3172 partibus
1020 3084 1104 3149 nasci
1121 3083 1218 3166 potuit
1237 3090 1336 3146 totum

240 3196 363 3279 aliquod
384 3197 603 3280 inseparabile?

282 3308 415 3395 rlpparet
441 3314 544 3396 itaque
562 3333 630 3387 eos,
652 3314 708 3397 qui
725 3315 879 3383 ciuitatem
900 3323 931 3378 et
951 3311 1110 3396 Imperium
1125 3330 1160 3375 ex
1178 3308 1334 3372 bominum

240 3427 572 3493 conventionibnsoriri
591 3428 746 3508 judicant,
768 3427 889 3492 incertis
907 3429 1081 3512 plerumque
1101 3423 1337 3488 assumtionibus

237 3541 412 3617 inhaerere,
433 3564 508 3626 quas
526 3553 670 3630 tanquam
686 3542 857 3627 opinionum
876 3559 999 3606 suarum
1015 3540 1210 3604 fundamenta
1218 3539 1336 3605 adscis‘

211 3668 216 3677 “
238 3664 329 3732 suut,
349 3666 378 3719 et
397 3658 507 3741 quibus
524 3678 642 3720 suarum
665 3657 954 3739 argumentationum
969 3655 1136 3720 aedilicium
1152 3664 1215 3721 tute
1227 3675 1331 3736 super-

236 3770 312 3834 strui
330 3792 414 3856 posse
433 3771 613 3835 existimant.
637 3773 783 3838 Voluntas
798 3771 906 3855 quippe
923 3770 1075 3834 bominum
1096 3769 1172 3833 nibil
1192 3766 1332 3836 aliudiis

237 3895 297 3960 est,
326 3906 417 3970 quarn
445 3887 629 3972 privatorum
647 3886 817 3959 arbitrium
841 3887 892 3950 sed
916 3907 983 3949 cunr
1003 3886 1158 3950 arbitrium
1175 3883 1263 3955 illud,
1284 3881 1330 3944 uti

235 4001 291 4084 ipsi
322 4011 509 4082 agnoscunt,
540 4002 654 4066 nullum
674 4001 721 4080 ins
741 4002 904 4086 producere
922 4009 1031 4084 queat,
1052 4021 1111 4063 non
1129 3998 1250 4067 vident.
1271 4018 1328 4062 nec

235 4115 389 4181 civilatem
413 4137 450 4180 ex
468 4115 592 4180 arbitrio
614 4116 669 4179 isto
689 4116 736 4180 uel
755 4135 790 4178 ex
808 4123 892 4198 parte
909 4114 1044 4193 ejusdem
1061 4114 1163 4196 aliqua
1182 4112 1252 4176 oriri
1272 4132 1327 4194 pu

234 4227 334 4293 tuisse.
355 4231 439 4294 Hinc.
453 4230 723 4305 inconcinnitates,
740 4228 968 4295 incertitudines
987 4238 1017 4294 et
1032 4227 1246 4311 repugnantiae
1260 4226 1328 4309 pln-

234 4342 339 4420 rimae,
369 4335 477 4429 quibus
496 4345 741 4416 doctrinaeornm
759 4345 886 4410 laborat.
906 4345 1006 4410 Sicut
1026 4340 1328 4424 mutuambominum
