2806 5324
645 376 671 449 9

78 563 209 649 quisque
231 561 350 644 ingenio
380 561 549 640 terebatur,
576 563 653 629 nihil
668 563 764 649 pacis,
784 561 858 628 nibil
876 564 998 649 quietis,
1023 565 1167 632 libertatis

77 676 157 741 nihil
178 675 242 739 siue
260 674 388 761 Imperio
411 676 575 742 habuisset.
599 677 827 742 lotereedebant
845 683 923 742 enim
937 679 1060 745 ambitio
1076 690 1168 765 atque

78 788 225 862 avaritia,
248 788 405 872 quominus
420 789 513 853 officia
530 810 583 854 sua
601 788 709 871 singuli
729 789 876 864 lacerent,
892 791 969 857 intra
980 793 1169 878 quorumob·

76 903 260 967 servantiam
279 909 465 966 communem
486 902 612 967 salutem
631 903 789 968 consistere
807 913 914 970 natura
933 907 1078 971 voluerat.
1101 906 1170 972 Ac-v

77 1017 224 1090 cedebat,
247 1016 327 1100 quod
345 1015 391 1079 sui
417 1017 543 1100 quisque
561 1014 634 1093 juris
653 1036 783 1102 suaeque
800 1018 926 1098 injuriae
944 1019 1168 1099 judexriodex-

77 1149 137 1216 que
161 1139 236 1196 erat.
266 1128 312 1193 lta
341 1149 411 1193 cum
436 1129 509 1193 alios
536 1148 638 1202 error,
657 1130 732 1194 elios
747 1129 811 1205 ira,
834 1133 907 1196 alios
926 1133 1070 1208 avaritia,
1092 1134 1166 1198 alios

75 1246 157 1323 alius
180 1242 304 1307 affectus
333 1242 499 1327 abriperet,
526 1263 563 1307 er
589 1243 772 1309 immodestia
791 1245 874 1321 lites,
895 1246 1001 1312 caedes
1019 1248 1164 1315 vastatio·

73 1378 189 1444 nesque
208 1357 382 1420 subsecutas
400 1353 482 1418 brevi
502 1356 719 1440 comperissent.
743 1357 784 1422 Ut
802 1367 919 1423 tantum
936 1359 1027 1442 igitur
1045 1369 1165 1447 tamque

74 1471 227 1536 incertum
247 1469 317 1533 belli
334 1467 497 1552 periculum
512 1472 676 1545 arceretur,
693 1468 768 1534 nibil
778 1471 874 1555 potuit
884 1470 1022 1558 cuiquam
1033 1473 1162 1550 beatius,

75 1584 157 1649 nihil
184 1582 343 1668 optabilius
369 1581 522 1655 accidere,
543 1602 632 1667 qnam
649 1591 683 1647 ut
699 1583 837 1667 publicae
854 1585 993 1649 utilitatis
1010 1606 1045 1650 ac
1061 1586 1165 1650 salutis

77 1708 179 1764 custos
206 1707 235 1761 et
258 1705 357 1761 rector
384 1696 631 1772 constitueretur,
652 1697 702 1782 qui
720 1698 848 1761 tuendae
862 1698 993 1763 intentus
1012 1700 1164 1777 societati,

74 1812 210 1898 partium
236 1809 402 1883 desideria,
424 1809 486 1872 sine
503 1807 630 1885 affectu,
652 1831 687 1875 ex
706 1811 837 1876 omnium
854 1834 929 1888 usu,
952 1821 981 1876 et
999 1814 1117 1878 audiret
1137 1822 1168 1878 et

77 1933 278 2011 componeret.
302 1922 441 1988 Proiecto
458 1920 533 1987 baec
552 1922 609 1988 luit
630 1945 740 2000 causa,
759 1947 819 2012 qua
843 1926 978 1992 homines
996 1929 1097 1993 induci
1114 1949 1166 2012 po·

76 2048 184 2114 tuere,
214 2046 248 2102 ut
275 2037 370 2119 magis
395 2037 519 2102 alterius
546 2058 634 2123 quam
651 2060 705 2103 suo
723 2038 845 2104 arbitrio
863 2051 1053 2124 regerentur,
1072 2053 1167 2128 utque

78 2152 250 2218 desinerent
267 2152 403 2237 propriae
420 2152 552 2218 vindices
571 2172 634 2217 esse
651 2153 817 2228 libertatis,
837 2154 972 2239 nihilque
988 2155 1169 2236 jamvelleut

76 2266 137 2331 nisi
166 2265 245 2351 quod
270 2265 408 2330 omuibus
433 2265 599 2330 conducere
621 2267 885 2351 interpretaretur,
905 2268 956 2353 qui
973 2290 1107 2334 summae
1125 2269 1169 2335 rei
1204 2264 1210 2272 ’

75 2381 262 2468 praepositus
276 2389 363 2445 esset.
381 2379 483 2458 Quare
502 2379 594 2443 etiam
612 2380 808 2464 pronunciare
821 2403 880 2446 non
899 2382 1090 2457 dubitamus,
1108 2383 1169 2446 lm-

74 2495 154 2583 perii
172 2496 410 2560 constitutionem
427 2515 485 2557 non
503 2491 594 2557 luisse
613 2494 829 2572 voluntariam,
847 2516 944 2581 neque
955 2497 1169 2572 coactam,sed

75 2607 299 2684 neeessariam,
323 2608 356 2672 id
382 2615 443 2681 est,
473 2606 627 2672 bominum
652 2608 683 2671 iu
701 2609 843 2673 societate
861 2587 1028 2677 viventium
1044 2620 1170 2675 naturae

76 2724 315 2789 convenientem.
338 2721 477 2806 «Estque
495 2720 586 2804 igitur
605 2723 774 2806 Imperans,
795 2732 829 2788 ut
850 2723 1023 2808 eloquenter
1037 2712 1170 2810 loquitur

79 2837 239 2911 »Seneca,
266 2837 420 2902 vinculum
444 2856 497 2920 per
519 2837 599 2921 quod
616 2836 782 2921 respublica
800 2836 961 2912 cohaeret,
982 2839 1033 2903 ille
1050 2839 1170 2925 spiritus
1191 2837 1193 2848 '

79 2951 229 3025 unitatis,
253 2948 343 3034 quem
360 2959 403 3015 tot
425 2951 524 3015 millia
538 2950 683 3030 trabunt,
704 2950 780 3017 nibil
798 2952 864 3039 ipsa
882 2973 935 3037 per
952 2972 984 3016 se
1002 2951 1104 3019 lutura
1116 2952 1171 3019 nisi

80 3084 184 3131 »onus
200 3073 229 3129 et
249 3065 377 3150 praeda,
397 3066 422 3130 si
440 3087 524 3131 meus
541 3067 593 3131 illa
612 3066 731 3151 lmperii
749 3042 944 3131 subtrahatur
956 3093 972 3131 »
995 3067 1073 3158 ql),

124 3177 182 3242 His
199 3177 300 3263 itaque
317 3178 472 3244 subductis
489 3181 671 3263 argumentis
687 3191 820 3258 constat,
833 3202 924 3246 uuam
933 3202 995 3246 esse
1004 3180 1173 3246 naturalem

78 3291 247 3365 rationem,
263 3312 366 3362 veram
385 3303 415 3358 et
431 3291 581 3370 divinam,
602 3316 679 3380 quae
699 3296 795 3381 prima
812 3280 963 3359 homiuem
977 3296 1089 3365 bomini
1100 3320 1173 3364 corr·

78 3408 200 3489 junxit,
225 3415 314 3493 atque
341 3427 407 3472 eam
435 3409 624 3483 societatem,
648 3408 718 3495 quia
744 3409 809 3474 sine
838 3409 964 3494 Imperio
984 3413 1097 3476 servari
1113 3435 1173 3478 nou

78 3531 217 3608 poterat,
237 3521 363 3606 lmperio
380 3521 443 3604 regi
459 3531 489 3585 et
504 3521 614 3586 firmari
635 3521 732 3601 jussit.
755 3522 823 3601 Quo
840 3523 902 3609 ipso
913 3524 1003 3587 etiam
1017 3524 1171 3592 civitatem

79 3645 113 3701 et
133 3612 289 3700 Summum
307 3637 467 3724 Imperium
484 3657 502 3700 a
519 3636 613 3722 prima
632 3635 685 3701 illa
701 3645 793 3722 atque
811 3646 932 3702 aeterna
952 3638 1016 3718 lege
1030 3648 1169 3716 naturae,

77 3751 146 3819 sive
168 3747 281 3827 alteo,
299 3761 440 3838 tauquam
459 3751 533 3834 legis
551 3750 695 3816 naturalis
711 3760 846 3827 auctore,
864 3750 1173 3847 proiectae-ensemus.

79 3842 150 3953 Ipse
168 3866 247 3933 euim
267 3889 327 3932 non
345 3868 440 3932 solum
455 3866 560 3932 muudi
579 3865 762 3943 materiahs,
780 3875 814 3931 ut
827 3866 871 3931 ita
888 3867 1005 3946 dicam,
1026 3870 1174 3934 sedetiam

79 3982 206 4051 moralis
222 3990 266 4045 est
283 3990 405 4056 auctor,
425 4002 460 4046 ac
478 3980 555 4046 sicut
569 3981 649 4046 omni
667 3990 793 4046 naturae
808 3984 978 4069 corporali,
998 3984 1041 4047 ita
1059 4003 1176 4069 quoquc

80 4109 213 4168 naturae
238 4095 414 4178 intelligenti
427 4115 496 4160 sues
514 4095 598 4161 dedit
617 4098 707 4180 leges.
730 4097 802 4162 Ideo
819 4117 887 4162 cum
905 4096 1056 4160 bominem
1072 4097 1111 4160 ad
1128 4118 1176 4161 so·

83 4216 227 4281 cietatem
240 4212 397 4286 creasset,
414 4209 441 4275 ei
460 4210 549 4277 simul
568 4208 728 4278 facultates
746 4211 851 4279 tribuit
868 4220 898 4278 et
919 4209 1057 4292 allectus,
1070 4211 1178 4299 quibus

108 4355 206 4419 (0120
228 4357 382 4417 Clementia,
398 4353 418 4403 1.
436 4355 463 4410 l,

1073 4448 1093 4511 2
