2806 5324
636 393 683 467 19

136 580 262 663 Singula
278 582 370 668 paulo
389 583 560 647 accuratius
575 582 772 669 inquiramus.

138 695 243 761 Primo
260 696 399 781 quidem,
420 696 444 760 si
464 696 558 778 legem
577 694 831 760 fundamentalem
850 715 886 759 en
903 674 1027 758 arbitrio
1037 691 1192 776 imperan-

91 809 133 873 tis
158 817 189 873 et
213 807 313 893 po'puli
331 809 462 892 pendere
480 809 663 882 contendas,
686 787 812 891 perinde
833 814 877 872 est
900 825 935 870 ac
957 806 983 870 si
1006 804 1132 879 dixeris,
1156 823 1192 869 ex

94 921 223 986 arbitrio
239 922 394 987 hominum
415 923 566 1007 pendere,
587 942 660 987 num
676 922 769 988 uelint
782 919 1188 993 conderecivitatemuecne,

95 1045 128 1101 et
159 1037 255 1104 cuivis
280 1035 394 1101 homini
425 1038 552 1102 liberum
574 1057 655 1113 esse,
679 1037 791 1104 velitne
813 1036 904 1116 hujus
923 1034 1074 1101 societatis
1094 1036 1193 1102 socius

95 1149 170 1215 fieri.
202 1151 315 1215 Verum
346 1152 412 1236 ipsa
433 1150 508 1215 haec
531 1151 626 1216 libera
647 1150 778 1219 civitatis
800 1149 1024 1215 constituendae
1042 1149 1190 1226 facultas,

86 1265 194 1349 ipsum
225 1265 301 1329 illud
333 1265 450 1330 arbitrii
479 1265 670 1339 exercitium,
701 1264 839 1330 notitiam
868 1264 1000 1333 civitatis
1025 1265 1192 1330 secennio

95 1378 240 1454 includit,
263 1399 333 1445 cum
355 1380 394 1468 ad
417 1380 657 1447 constituendam
678 1380 1023 1448 civitatemvoluntatem
1036 1371 1191 1462 designare

96 1511 260 1577 nequeam,
290 1494 346 1577 nisi
376 1495 489 1567 sciam,
521 1492 593 1580 quid
625 1495 664 1560 sit
693 1495 819 1570 civitae,
848 1494 944 1578 deque
966 1514 1001 1559 ea
1024 1494 1191 1560 deliberare

97 1606 214 1690 possim.
245 1606 294 1670 Ex
324 1627 383 1694 quo
410 1616 509 1673 tamen
532 1609 640 1672 iterum
663 1607 851 1694 consequitur
873 1608 1026 1672 civitatem
1045 1607 1106 1686 iam
1125 1617 1191 1675 tum

98 1722 236 1797 existere,
262 1741 332 1786 nam
353 1723 433 1806 quod
454 1742 515 1786 non
528 1722 654 1799 existit,
676 1742 734 1788 -nec
756 1721 932 1804 cognitionis
953 1732 984 1791 et
999 1721 1189 1788 deliberatio·

87 1835 142 1899 -nis
160 1835 315 1914 objectum
337 1835 398 1899 ficri
415 1836 522 1920 potest.
544 1836 643 1919 Ergo,
664 1855 780 1920 semper
801 1836 840 1900 ad
863 1836 994 1901 absurda
1016 1835 1122 1902 redeas
1138 1856 1191 1903 ne·

99 1969 178 2013 cesse
199 1959 265 2014 ests
288 1959 341 2015 aut
355 1951 444 2015 enim
465 1949 691 2032 faterieogeris
712 1950 863 2015 civitatem
881 1970 945 2016 esse
964 1950 1185 2037 antequamsit,

89 2072 147 2129 aut
174 2062 258 2127 illam
284 2083 347 2129 rem
375 2084 457 2146 esu,
476 2084 554 2150 quae
571 2084 623 2149 per
639 2084 672 2128 se
688 2064 783 2149 ipsam
801 2061 912 2150 absque
933 2063 1090 2133 hominum
1107 2063 1188 2129 facto

98 2177 213 2250 existit,
245 2187 276 2242 et
307 2179 346 2244 de
374 2200 433 2265 qua
454 2180 591 2244 notitiam
610 2180 667 2245 sihi
686 2199 859 2267 comparare
872 2189 1014 2264 possam,
1033 2181 1059 2245 si
1076 2180 1183 2257 velint,

93 2300 138 2354 nt
153 2291 259 2356 hahita
283 2292 487 2381 inspectione,
515 2296 541 2360 si
559 2297 696 2381 placeat,
718 2295 878 2360 admittant
894 2313 976 2368 enm,
1003 2295 1068 2369 vel,
1084 2294 1109 2359 si
1126 2313 1187 2359 non

94 2405 227 2488 placeat,
246 2389 393 2486 rejiciant.
419 2410 577 2497 Utriusque
599 2431 670 2477 vero
686 2399 903 2477 enunciationis
911 2408 1032 2474 fallacia
1041 2407 1185 2474 satisma·

94 2523 226 2587 nifestari
247 2543 301 2588 nec
324 2524 504 2589 refutatione
526 2523 659 2607 indigere
681 2524 842 2590 credimus.
1049 2502 1052 2508 Ι

90 2672 93 2681 ,
133 2636 258 2702 Deinde.
280 2660 352 2704 vero
384 2640 480 2722 legem
506 2623 771 2704 fundamentalem
804 2659 840 2702 er
861 2647 950 2723 pacto
973 2637 1103 2703 derivari
1124 2654 1185 2703 uon

94 2773 192 2836 posse,
214 2753 311 2836 magis
332 2753 423 2818 etiam
446 2763 586 2838 apparet,
608 2753 633 2816 si
656 2754 878 2818 consideremus
900 2774 955 2818 nec
973 2753 1184 2837 jusfuniverse

88 2889 150 2942 sc,
174 2891 234 2933 non
257 2868 337 2932 inter
359 2877 456 2933 certas
478 2866 647 2950 designatas
669 2870 839 2953 personas),
866 2868 1182 2941 neclibertatem,nse

91 2982 279 3065 religionem,
312 2991 490 3067 caeteraque
507 2982 617 3046 similia
635 2984 715 3066 pacti
732 3003 786 3048 eeu
804 2982 1012 3051 conventionis
1028 2983 1182 3064 obiectum

91 3114 151 3160 esse
158 3096 313 3182 posseAn
324 3096 402 3159 enim
410 3105 497 3180 pacto
507 3095 621 3163 definiri
629 3097 828 3183 potest‚quid
836 3100 881 3168 sid
891 3098 1036 3185 jus,quid
1045 3101 1083 3164 sit
1093 3100 1182 3165 liber-

93 3219 152 3285 tas,
169 3212 241 3296 quid
262 3211 301 3275 sit
318 3211 439 3292 religio?
465 3209 618 3296 Numquid
633 3213 670 3277 de
688 3212 726 3278 iis
739 3214 900 3296 transigere
915 3214 1006 3279 licetl
1029 3213 1183 3298 Numquid

92 3322 153 3399 jus,
175 3325 312 3396 libertas,
338 3324 442 3407 religio
463 3326 495 3389 in
517 3327 668 3410 privatum
691 3329 785 3410 redigi
799 3324 1183 3416 possuotdominium,quo

91 3442 199 3520 possint
221 3458 240 3502 a
260 3439 387 3520 singulis
407 3428 445 3503 ad
465 3441 704 3511 constituendam
721 3440 873 3508 civitatem
892 3443 1041 3511 concedit
1063 3442 1183 3511 Ansin-

28 3566 30 3571 ’
89 3553 149 3633 guli
182 3561 297 3617 certam
325 3562 439 3637 partem
467 3555 617 3639 quandam
637 3557 710 3636 juris
728 3565 780 3624 aut
798 3556 945 3623 libertatis
962 3568 1017 3623 aut
1035 3558 1185 3641 religionis

87 3665 217 3745 habent,
239 3676 269 3731 et
281 3685 317 3729 ex
337 3668 453 3733 collatis
469 3669 605 3752 partibus
622 3680 718 3738 totum
734 3672 798 3752 jus,
818 3681 881 3736 tota
897 3673 1039 3746 libertas,
1059 3680 1122 3738 tota
1136 3693 1184 3738 re·

82 3783 158 3863 ligio
187 3781 359 3847 conflatur?
391 3782 446 3849 Vel
478 3805 518 3848 an
548 3786 658 3868 singuli
680 3787 853 3866 mumius,
880 3808 967 3851 snam
990 3787 1181 3862 libertatem,

82 3920 170 3964 suam
199 3898 373 3980 religionem
405 3897 536 3974 hahent,
566 3909 596 3963 et
618 3918 656 3964 err
675 3901 790 3966 collatis
810 3901 925 3980 iuribus
941 3902 1113 3969 communio
1128 3900 1180 3972 fit,

82 4012 129 4076 ita
156 4021 189 4075 ut
209 4011 247 4077 iis
262 4020 381 4094 praeter
399 4033 486 4077 sunm
504 4014 595 4077 etiam
615 4014 744 4078 aliorum
766 4008 858 4093 jure,
872 4015 999 4079 aliorum
1018 4015 1175 4088 libertate,

81 4125 214 4190 aliorum
246 4125 390 4209 religione
422 4126 466 4191 uti
497 4127 611 4192 liceat?
644 4127 763 4193 Dixeris
794 4127 895 4194 forsan
924 4148 978 4205 nos
999 4147 1181 4211 exaggerare

77 4237 227 4314 nimium,
260 4248 291 4303 et
313 4248 435 4326 pactum
458 4242 497 4306 ad
518 4240 594 4307 nihil
617 4242 699 4308 aliud
722 4252 877 4328 spectare,
898 4263 988 4328 quam
1012 4254 1045 4311 nt
1068 4246 1180 4326 jurium

77 4351 218 4434 defensio
239 4353 330 4423 tertio
351 4352 471 4422 cuidam
494 4355 658 4426 deleratur.
681 4357 741 4422 Sed
763 4377 918 4441 regerem,
946 4359 999 4425 uhi
1022 4359 1091 4440 iura
1112 4382 1179 4429 me·
1224 4376 1225 4380 ’
