2806 5324
674 319 759 449 st.

177 577 296 624 snorum
330 570 360 626 et
390 546 555 648 principum
587 561 758 628 inviolabile
785 571 874 648 capnt
901 564 1054 646 sauguine
1069 573 1099 627 st
1126 564 1276 629 caetibus

178 675 328 753 fumasse,
356 678 494 744 omnibus
517 676 701 743 notissimum
728 685 781 742 est.
817 675 845 741 Α
873 676 998 753 Francia
1027 675 1146 764 itaque,
1179 699 1275 764 quam

177 793 273 876 primo
288 793 352 856 loeo
370 792 539 867 nominavi,
562 793 679 856 initium
704 812 832 857 sumam.
1266 793 1270 799 '

218 906 348 970 Saeculo
369 926 475 991 nempe
494 898 603 971 octavo
623 907 739 973 ‹tectnn
758 907 1037 994 seditiosiquirlam
1055 905 1195 981 homines
1217 926 1273 991 pz-

175 1021 236 1085 lam
252 1021 437 1104 proclamare
454 1023 519 1086 ausi
537 1020 636 1096 luere,
651 1022 809 1086 Franciarn
826 1029 890 1107 post
905 1020 1134 1106 quatuordecim
1147 1021 1274 1085 saecula

174 1133 329 1200 felicitatis
344 1145 374 1200 et
392 1136 522 1218 gloriae,
542 1157 595 1221 per
610 1156 697 1202 omne
714 1136 788 1203 illud
808 1135 947 1220 temporis
972 1137 1101 1220 spatium
1125 1136 1275 1200 continua

175 1254 258 1320 velut
283 1239 450 1337 oppressam
475 1251 618 1318 servitute
643 1252 707 1319 sine
733 1252 847 1318 viribus
875 1247 1021 1331 jacuisse3
1039 1251 1273 1327 monarchiam,

174 1366 261 1448 longo
289 1386 346 1430 asu
372 1363 539 1440 firmatam,
564 1365 640 1433 nihil
668 1366 749 1432 aliud
777 1385 951 1452 essequam
970 1364 1108 1461 focatum
1123 1365 1273 1453 despotia·

172 1482 276 1557 mern,
290 1478 343 1544 secl
358 1479 487 1545 eundern
504 1478 741 1571 intolerabilem
759 1488 789 1544 et
809 1481 930 1546 tandem
950 1481 1030 1547 diem
1047 1479 1191 1555 eluxisse,
1209 1499 1274 1566 qua

172 1594 313 1682 populum
334 1613 369 1659 ex
384 1614 491 1675 eornno-
504 1595 563 1659 isto
576 1595 697 1679 politico
716 1595 853 1660 suscitari
872 1595 1043 1680 oportebat,
1060 1604 1097 1661 ut
1115 1616 1159 1661 so.
1177 1594 1273 1662 l’rber-

172 1718 235 1776 tate
264 1708 439 1793 iuribusque
464 1710 526 1773 suis
547 1706 787 1774 inulr'errobr'libus
809 1707 1196 1799 impraescmptibilibnsqrre
1209 1710 1274 1778 frui

170 1833 277 1911 posset.
309 1823 348 1888 Et
373 1812 540 1908 simul-'per
566 1831 661 1888 totam
684 1825 773 1909 plane
791 1823 941 1909 Europam
960 1826 1083 1911 populos
1096 1828 1271 1915 mancipia,

170 1930 255 2025 reges
271 1925 411 2022 tyrannos
428 1959 512 2014 esse,
535 1939 567 2004 in
587 1940 650 2004 suis
667 1940 785 2025 scriptis
805 1940 1023 2006 decreveram!
1069 1955 1072 1959 ·

214 2055 352 2135 Quorum
375 2054 463 2123 vanis
482 2053 749 2120 declamationibus
768 2055 896 2138 primum
922 2055 1015 2119 verba
1036 2075 1269 2133 rasurarum,

171 2168 300 2234 auctoris
321 2169 359 2264 iis
381 2177 462 2233 certe
482 2189 542 2232 eon
562 2167 709 2252 suspecti,
727 2189 874 2253 opponere
890 2166 994 2248 joran
1010 2192 1029 2261 u
1036 2171 1111 2248 Sunt
1128 2171 1269 2258 quidem.

173 2285 256 2359 nait,
279 2285 367 2351 multi
393 2301 500 2366 reges,
527 2282 614 2368 pauci
640 2301 712 2350 vero
738 2282 825 2356 lroni,
857 2285 965 2349 saltem
989 2285 1071 2350 inter·
1092 2287 1267 2363 absolutos,

127 2486 130 2496 1
172 2419 325 2484 rrqnorum
350 2407 451 2463 taurum
478 2416 601 2462 numero
627 2397 777 2462 accenseri
804 2418 864 2463 non
881 2395 991 2463 debent
1010 2419 1094 2482 reges
1112 2398 1265 2487 Aegypti,

170 2533 275 2599 aquae
292 2512 353 2593 iam
369 2511 581 2597 antiquissimis
598 2508 779 2598 temporibus
796 2532 848 2597 per
865 2515 945 2596 leges
961 2515 1140 2596 regebatur,
1166 2536 1269 2606 neque

170 2647 279 2709 irreges
293 2627 436 2712 Spartae,
455 2618 659 2713 neque-etiam
676 2623 828 2692 Francius
844 2636 945 2693 nostra
963 2639 1077 2704 aetate,
1091 2650 1161 2696 oum
1176 2631 1272 2712 huius

170 2741 279 2825 »regni
299 2726 478 2827 Imperium.
499 2751 645 2828 qnantum
664 2739 750 2807 nobis
773 2751 876 2807 notum
899 2752 961 2815 est,
984 2741 1113 2809 omninum
1138 2744 1280 2813 mxime·

172 2842 314 2944 olegibnr
335 2862 531 2943 temperatum
552 2853 593 2920 sil
603 2883 618 2921 n
637 2855 697 2941 (l).
715 2892 758 2906 -
772 2854 872 2943 Almus
890 2856 951 2921 alio
969 2858 1156 2925 loooiterum
1175 2860 1268 2926 uicit:

168 2960 322 3052 sumnum
342 2968 522 3037 Francirurn
541 2960 713 3035 beatissima
737 2971 954 3057 tranquillitate
974 2975 1086 3048 utitur.
1105 2973 1269 3062 propterea

170 3084 272 3170 »quod
298 3084 343 3149 ihi
366 3072 432 3148 ller
458 3082 558 3151 multis
577 3081 692 3170 legibus
713 3068 939 3170 subjecturos,
960 3089 1068 3174 quihus
1086 3084 1269 3177 populorum

131 3182 137 3195 ⁸
168 3194 337 3265 »eornritas
363 3188 560 3263 continetur»
583 3199 643 3285 (2).
681 3198 737 3264 llis
762 3219 834 3264 rane
861 3200 1007 3269 laudibus.
1019 3198 1269 3274 ‚unnnrsvrrros

33 3378 35 3380 ,
164 3336 220 3380 suo
249 3334 328 3380 aevo-
348 3313 429 3396 teges
460 3312 700 3378 fundamentales
733 3310 925 3385 monarchiae
958 3311 1121 3386 l’r'aneicae
1152 3316 1267 3388 merite

122 3432 126 3436 ’
165 3427 318 3494 ellerebnt.
345 3417 431 3508 ,Quid
460 3417 531 3495 rere
559 3444 704 3496 novarum
733 3449 832 3494 rerum
857 3430 1007 3497 molitores
1035 3432 1116 3498 hisce
1146 3430 1268 3520 legibus

166 3533 408 3606 substituerunt?
431 3532 435 3539 ¹
463 3536 466 3541 ’
670 3536 672 3541 ’
1135 3542 1139 3551 ’

207 3655 252 3719 Er
273 3673 328 3720 sua
351 3653 491 3718 nimirum
512 3652 663 3729 doctrina,
690 3674 749 3741 qna
772 3674 918 3721 summam
935 3657 1068 3724 omnium
1087 3681 1188 3728 rerum
1206 3686 1278 3751 po:

163 3764 300 3834 testatem
319 3788 409 3852 penes
424 3763 569 3854 'populum
584 3762 648 3833 esse
666 3789 720 3833 uec
736 3768 806 3833 inde
820 3791 904 3854 posse
919 3772 1009 3837 avelli
1026 3773 1265 3857 profitebantur,

89 3968 92 3972 ,
163 3894 266 3970 sponte
295 3878 499 3958 deduxerunt,
520 3884 633 3966 regiam
661 3881 837 3966 dignitatem
863 3885 893 3948 in
922 3885 1048 3952 Francia
1077 3911 1265 3975 supervana.

161 4016 249 4065 neam
277 4018 362 4074 esse,
393 4019 448 4064 noc
478 4018 544 4064 eam
573 3999 700 4084 amplius
726 4019 795 4064 curn
820 3998 958 4066 libertate
981 4005 1141 4071 consistere
1161 4018 1264 4092 'posse

182 4224 223 4284 tt)
242 4221 313 4277 Dite.
329 4243 382 4292 rap.
400 4225 455 4279 Tit.
475 4222 528 4280 tto.
546 4222 568 4281 l.
588 4223 627 4277 5⁸.

128 4324 131 4329 “
184 4343 226 4418 (η
244 4343 303 4400 tert.
323 4347 343 4401 r.
363 4347 399 4399 tn
