2806 5324
702 353 828 461 ιι,

163 543 324 618 -quentnnn
334 535 367 600 in
378 549 533 604 commune
547 539 657 605 bonum
673 542 901 614 conserendum,
917 562 1053 626 quaeque
1064 544 1264 624 immorigeros

171 662 324 717 coerceret
341 653 431 736 inque
447 654 581 718 ordinem
598 656 759 738 redigeret,
784 667 815 721 nt
832 658 938 727 exinde
957 658 1066 742 optime
1085 679 1117 722 se
1136 657 1260 721 haberet

169 771 269 838 totum
294 765 341 838 id,
374 765 614 851 uniusquisque
630 778 694 832 erat
711 790 780 853 pars
797 781 1017 857 quotacunque.
1039 772 1126 836 'lunc
1145 750 1214 836 vero
1231 767 1262 831 in

169 875 411 961 quibuscumque
441 879 542 943 mundi
568 881 737 962 regionibus
764 876 840 948 inter
869 886 1098 970 patresfamilias
1130 880 1263 948 nonnulli
1299 880 1305 897 ⁸

171 999 389 1072 apparuerunt,
412 992 464 1076 qni
484 1001 583 1058 aelate
601 1003 651 1058 aut
672 995 797 1071 virtute,
826 1000 877 1082 qui
897 1000 1043 1084 sapientia
1063 1007 1114 1063 ant
1134 997 1263 1071 uiribus,

168 1101 215 1165 ita
241 1102 380 1185 omnium,
402 1105 515 1169 animos
533 1106 571 1170 ad
591 1127 623 1170 se
639 1120 860 1188 converterent,
882 1122 915 1178 ut
932 1114 967 1177 iis
987 1134 1040 1176 sua
1055 1121 1158 1197 sponte
1175 1130 1264 1196 pare·

113 1283 116 1288 ,
168 1227 238 1280 rent
256 1218 316 1303 (1).
340 1218 421 1282 Hinc
436 1227 536 1282 antem
554 1230 619 1284 orte
637 1223 759 1300 civitas,
781 1225 851 1290 hinc
867 1228 968 1290 stetim
985 1236 1075 1311 atque
1088 1235 1195 1291 nature
1207 1224 1266 1288 leo·

165 1332 266 1401 mines
283 1332 315 1396 in
335 1333 486 1397 civitatem
507 1336 694 1413 conciliavit,
715 1339 832 1424 Imperii
852 1340 949 1417 civilis
969 1349 1098 1424 potestas
1112 1339 1261 1423 apparuit:

164 1430 314 1529 ideoque,
345 1448 595 1530 quemadmodum
623 1451 774 1516 ciuitatem
805 1473 822 1516 a
853 1454 974 1518 familiis
1001 1464 1098 1517 ortum
1124 1452 1263 1518 habuisse
1333 1438 1337 1450 ¹

168 1570 354 1644 compertum
379 1572 439 1634 est,
468 1583 486 1626 a
505 1563 680 1645 magistratu
698 1569 887 1632 oeconomico
901 1568 1054 1653 politicum
1071 1567 1187 1630 duxisse
1204 1567 1265 1630 lm·

166 1676 286 1762 perium
304 1674 498 1762 liquidissime
515 1684 598 1760 patet
622 1677 633 1758 l
657 1678 681 1762 ).

212 1791 244 1854 4.
267 1828 309 1842 —-
329 1793 439 1869 Verum
457 1792 535 1855 enim
555 1811 625 1857 vero
644 1812 681 1855 er
698 1794 833 1878 eoquod
851 1793 965 1859 Summi
985 1789 1101 1876 lmperii
1118 1793 1263 1875 originem
1290 1804 1292 1808 ‘

168 1904 305 1968 divinem
330 1927 393 1970 esse
415 1906 611 1978 arbitramur,
638 1905 760 1969 minime
778 1908 971 1989 intelligimus
989 1908 1151 1992 principes,
1172 1915 1261 1990 quot-

167 2026 243 2100 quot
268 2019 344 2090 sint,
370 2018 472 2084 imbris
495 2039 577 2084 mere
598 2020 635 2082 de
652 2021 736 2084 coelo
756 2019 876 2084 dimitti.
902 2022 1019 2086 Etenim
1044 2020 1127 2103 origo
1146 2018 1263 2104 Imperii
1366 2013 1369 2018 ’

166 2133 384 2196 consideranda
402 2143 446 2197 est
466 2133 575 2216 duplici
592 2135 695 2212 modo,
718 2144 746 2197 et
764 2131 979 2219 rationep'urr's,
1000 2144 1030 2199 et
1045 2134 1160 2200 ratione
1177 2133 1263 2224 fecti.

170 2247 258 2311 Unde
287 2258 387 2311 sutem
414 2236 569 2312 Summum
589 2249 747 2332 Imperium
771 2248 887 2314 ratione
908 2249 981 2327 juris
1000 2250 1200 2333 producatur,
1217 2261 1264 2316 sat

165 2382 256 2444 supra
282 2363 476 2427 ostendimus.
509 2363 639 2426 Ratione
661 2362 754 2436 lacti,
787 2364 871 2426 nobis
897 2363 939 2426 ita
967 2365 1096 2431 videtur.
1131 2365 1266 2445 Dubium

165 2476 291 2558 quidem
310 2474 391 2540 hand
410 2486 470 2551 est,
491 2496 545 2540 nec
563 2477 626 2540 ullo
645 2477 732 2540 modo
751 2498 913 2559 negamus,
931 2478 1090 2562 Imperium
1107 2471 1265 2545 nutrireri-

164 2595 233 2654 enlc
258 2589 340 2676 facto
372 2589 501 2654 humano
524 2590 638 2673 ubique
655 2590 812 2654 constitui:
836 2593 888 2655 sed
907 2594 1047 2677 populus,
1065 2594 1181 2677 quoties
1202 2593 1266 2658 lm·

163 2712 319 2786 ptorantem
335 2704 470 2775 sibieive
487 2704 568 2786 eligit
586 2703 648 2767 sive
667 2705 748 2768 ultro
769 2706 816 2768 vel
834 2716 955 2769 coactus
976 2707 1100 2791 scripit,
1112 2694 1220 2780 causa,
1232 2714 1265 2770 ut

165 2817 291 2890 dicitur,
312 2814 507 2882 oecusionalis
521 2819 643 2901 quidem
661 2819 781 2904 lmpenii
796 2830 854 2893 est,
868 2843 926 2884 non
939 2805 1009 2886 vero
1024 2819 1170 2907 elfwinum
1180 2819 1264 2897 ‘adeo

164 2940 197 2994 ut
219 2933 405 2996 voluntarius
423 2935 471 2997 vel
489 2943 625 3008 coaetus,
656 2954 810 3018 expressus
830 2937 876 2998 vel
897 2934 1016 3026 tacitns.
1026 2933 1125 3018 populi
1146 2933 1176 2998 in
1195 2935 1262 2997 uni·

165 3066 200 3108 us
211 3038 380 3128 pluriumve
391 3023 622 3110 dominationem
633 3070 807 3139 consensus,
828 3050 876 3113 uia
892 3049 1013 3133 qrridem
1031 3047 1085 3120 sit,
1104 3067 1156 3131 per
1174 3068 1264 3131 quam

183 3216 224 3279 (ll
245 3213 298 3274 Quo
322 3219 395 3264 modo
420 3219 492 3267 etium
509 3218 642 3283 imperium
666 3210 724 3269 otini
740 3220 764 3268 in
782 3220 920 3269 ciuitatilrnr
936 3218 1033 3269 Celticis
1050 3223 1132 3266 narret
1148 3204 1168 3265 i.
1187 3228 1277 3264 enuere
1328 3277 1331 3282 ⁴

148 3310 177 3357 int
196 3307 287 3358 Comen.
305 3312 336 3359 dt
352 3306 422 3360 Bello
440 3313 508 3359 Gall·
526 3310 569 3357 Vlr
584 3309 631 3360 23:
652 3312 745 3374 sdtqne
763 3312 805 3358 ubi
822 3312 847 3358 in
865 3312 969 3358 conscilio
986 3312 1040 3373 quis
1057 3308 1275 3372 exprincipibueee

147 3385 229 3452 »dixit
241 3403 331 3454 donoro
349 3404 415 3463 lore,
431 3411 459 3451 ut
475 3405 518 3466 qui
535 3405 604 3467 requi
618 3403 709 3464 velint,
727 3406 901 3470 profiteantur,
918 3408 1068 3466 consurgunt
1083 3402 1116 3460 ii,
1135 3403 1176 3464 qui
1186 3410 1287 3460 etoauy

96 3537 100 3543 .
147 3513 217 3546 erem
233 3505 258 3546 et
274 3497 399 3547 hominem
417 3498 536 3562 probunt,
549 3513 673 3562 suumque
698 3499 814 3547 auxilium
837 3489 989 3562 pollicentur
1007 3477 1081 3562 etque
1094 3511 1107 3543 a
1119 3495 1276 3562 multitudiue

149 3572 353 3639 ecollsudanlurt
376 3590 419 3654 qni
435 3607 464 3637 ex
480 3591 508 3639 iis
524 3591 601 3637 secuti
619 3607 666 3638 non
684 3596 756 3650 runt,
769 3582 793 3638 in
811 3591 962 3639 desertorum
979 3568 1010 3638 ac
1017 3591 1164 3655 proditorum
1174 3606 1275 3640 numero

148 3671 310 3742 nduedntnr,
328 3684 487 3746 omniumque
503 3684 533 3731 iis
550 3701 630 3732 rerum
648 3693 729 3748 poetes
748 3682 808 3732 fides
825 3682 976 3750 derogatum.

179 3773 218 3832 (2)
231 3772 273 3824 Sin
285 3782 481 3830 ntnntunrrnnus
504 3786 544 3840 cp.
571 3776 588 3825 l.
608 3776 626 3824 l.
643 3788 665 3824 e.
684 3777 771 3837 docet,
790 3783 818 3826 ut
839 3795 855 3828 u
881 3776 1009 3825 cornrrnhiis
1025 3784 1060 3833 ‚et
1075 3776 1172 3824 familiis
1188 3780 1273 3839 sprrnle

144 3868 226 3923 meriti
242 3873 268 3916 et
284 3870 359 3934 petris
375 3871 506 3918 euotoriter
522 3870 614 3928 existit,
635 3871 668 3918 ite
686 3885 788 3935 quoque
805 3872 829 3918 in
846 3871 943 3918 nieitute
963 3870 1020 3918 oriri
1042 3847 1189 3932 imperium,
1210 3869 1276 3931 anod

142 3959 209 4007 nihil
223 3966 277 4025 est,
294 3961 340 4010 niel
358 3962 571 4025 perentnlis'illiue
594 3963 759 4031 suctoritetis,
781 3979 824 4010 sen
849 3963 960 4027 poetriae,
975 3965 995 4010 si
1012 3965 1055 4022 ris,
1077 3962 1216 4027 potestatis,
1234 3969 1276 4009 nnt

142 4052 296 4100 contiuuntio
321 4065 364 4117 per
390 4053 570 4109 extensionem,
596 4057 638 4098 eut
665 4052 800 4108 restitutio,
824 4053 843 4098 si
870 4053 957 4114 nempe
983 4049 1116 4114 aliquando
1141 4049 1273 4113 interrupte

139 4144 224 4194 fuerit.
239 4171 273 4183 —
290 4144 360 4203 Quod
376 4148 402 4191 et
418 4144 469 4208 ipse
487 4155 612 4203 nuruum,
630 4145 673 4207 qui
697 4144 855 4206 cnetercqnin
873 4142 1004 4206 Imperium
1031 4157 1060 4190 en
1076 4143 1167 4209 protis,
1184 4143 1273 4206 quihus

139 4241 226 4287 ciritae
240 4238 353 4298 eoeluit,
368 4213 519 4302 permanasse
536 4237 680 4299 contendit,
694 4252 748 4296 nnn¹
760 4238 820 4286 adeo
834 4235 985 4298 impossibile
1001 4249 1070 4297 esse,
1083 4236 1152 4285 lateri
1169 4235 1273 4299 cogitur.

137 4331 198 4384 vin.
213 4349 267 4397 epus
287 4349 325 4398 op.
345 4331 362 4382 l.
381 4329 447 4380 t'tlt.
464 4327 489 4379 3.
506 4327 531 4380 6.
