2806 5324
583 371 625 386 >-
684 331 737 410 es

162 518 367 598 distinetione,
387 541 475 607 quam
496 516 645 596 lecimus,
657 542 716 588 non
735 520 766 586 id
785 521 950 604 siguilieare
969 518 1121 596 volumus,
1144 530 1178 587 nt
1195 521 1260 588 lm·

162 637 242 719 perio
272 636 337 715 jura
363 635 454 700 insint
482 635 618 710 diversa,
640 656 717 721 qnae
734 637 854 700 seorsim
872 635 1032 700 subsistere
1050 643 1181 720 queant,
1201 637 1259 702 sed

160 759 195 813 ut
212 751 310 815 omnia
329 749 402 813 boee
419 749 500 828 jura,
522 750 592 814 lieet
609 748 720 824 lorma,
741 771 800 834 qua
815 770 879 814 sese
896 758 1049 823 exserunt,
1069 747 1108 812 ab
1123 748 1256 819 invicem

158 862 316 941 distincta,
337 884 396 926 uno
414 863 577 948 eodemque
595 863 660 942 jure
679 864 906 939 contineantur,
925 884 1030 947 nempe
1049 873 1112 929 toto
1128 865 1257 943 Summo

157 973 299 1059 Imperio,
313 977 391 1061 qnod
412 977 506 1060 ipsum
526 978 600 1042 nihil
618 987 662 1042 est
682 978 737 1042 nisi
750 998 898 1041 summum
909 977 955 1055 jus
966 977 1066 1041 media
1078 978 1208 1061 eligendi
1222 993 1256 1048 et

47 1109 50 1113 ⁴
161 1088 325 1153 adhibendi
344 1091 383 1158 ad
401 1091 555 1154 consilium
574 1092 704 1156 civitatis
721 1090 880 1165 facientia,
898 1092 961 1156 sive
982 1093 1177 1174 brevius,jus
1191 1099 1252 1162 ad-

157 1205 343 1270 ministrandi
370 1206 533 1274 civitatem.
564 1207 631 1270 Non
651 1208 730 1270 enim
748 1206 905 1271 Summum
926 1206 1147 1290 Imperiumest
1164 1211 1253 1290 eius-

156 1319 235 1384 modi
254 1327 368 1395 totum,
391 1322 469 1407 quod
490 1342 525 1384 en
545 1321 679 1405 partibus
696 1318 1055 1402 heterogeneis-oonstat,
1077 1347 1154 1412 quae
1167 1329 1255 1395 inter

157 1453 189 1496 se
207 1431 399 1511 conjunctae,
421 1435 598 1520 vinculoque
616 1435 715 1520 aliquo
733 1445 828 1500 nexae
844 1435 876 1500 in
892 1440 1260 1520 ,nnumooalnerunnitas
1285 1466 1287 1469 ’

156 1556 274 1623 tamen,
308 1558 343 1613 ut
366 1550 489 1614 seorsim
514 1569 630 1635 quoqne
655 1549 789 1631 singulae
815 1558 915 1636 partes
939 1551 1099 1616 subsistere
1125 1556 1258 1639 possint.-

157 1666 257 1732 Etiam
276 1665 375 1731 anima
393 1685 486 1728 unum
503 1672 566 1737 est,
586 1663 617 1726 in
636 1671 731 1727 totum
752 1684 857 1747 eorpus
874 1663 968 1731 vitam
985 1650 1175 1753 vigoremque
1187 1670 1249 1736 dis-
1297 1685 1299 1690 ·

97 1785 102 1794 '
155 1802 296 1867 pensans,
319 1799 412 1867 quae,
434 1787 521 1862 prout
538 1777 670 1842 diversas
688 1779 872 1862 operationes
887 1800 939 1863 pro
956 1779 1128 1846 diversitate
1145 1783 1250 1861 objec-

28 1956 32 1965 ,
155 1903 253 1962 torum
273 1903 303 1958 et
322 1913 500 1976 organorum
520 1891 675 1977 producit,
702 1901 801 1977 partes
821 1892 932 1957 habere
951 1893 1126 1977 potentiales
1142 1887 1250 1962 conoi-

155 2008 244 2093 pitur.
275 2007 317 2072 At
334 2008 360 2073 si
377 2007 540 2089 fingamus,
561 2016 659 2092 partes
681 1993 992 2090 potentiales'animae
1010 2009 1179 2086 rationalis,
1200 2011 1250 2078 in·

154 2123 307 2192 tellectum
332 2131 363 2186 et
388 2123 590 2196 voluntatem,
619 2139 681 2185 esse
700 2119 860 2204 separatim
878 2121 908 2186 in
928 2121 1052 2192 diversis
1070 2124 1248 2210 suppositis,

153 2258 277 2323 quorum
298 2237 350 2300 uni
368 2237 447 2301 solus
465 2235 555 2299 luerit
573 2234 758 2309 intellectus,
787 2234 874 2299 alteri
891 2236 953 2300 sola
973 2237 1132 2313 voluntas,
1150 2258 1250 2324 neque

154 2349 242 2417 bomo
261 2350 320 2415 dici
331 2349 445 2434 ,poterit
464 2349 525 2413 tale
544 2348 746 2432 suppositum,
774 2367 871 2433 neque
890 2347 1039 2414 humanae
1057 2351 1189 2416 actiones
1205 2353 1248 2418 ab

153 2465 257 2528 eodem
274 2473 361 2528 erunt
380 2463 610 2548 exspectandae,
631 2484 691 2527 uno
708 2463 781 2529 velit
799 2463 946 2530 immobili
965 2484 1080 2550 semper
1094 2475 1246 2555 torpente,

154 2579 248 2644 altero
271 2589 413 2664 tanquam
435 2598 525 2642 eaeeo
547 2577 747 2664 nequidquam
768 2586 935 2661 satagente.

195 2693 358 2758 Distinotio‘
379 2691 471 2775 igitur
493 2692 564 2768 illa,
595 2713 730 2778 qnama
756 2693 854 2759 lorma
881 2695 952 2762 sive.
970 2695 1077 2771 modo,
1105 2717 1164 2782 qno
1180 2717 1257 2762 sese·

152 2811 258 2883 exserit
280 2807 458 2895 Imperium,
487 2807 706 2884 derivavimus,
733 2808 809 2872 nibil
836 2808 893 2873 nisi
919 2809 1051 2884 diversas
1076 2809 1248 2877 functiones

95 2965 98 2970 -
153 2923 268 3006 Imperii
276 2957 291 2998 ,⁴
301 2925 432 3019 diversas
450 2921 558 3004 agendi
574 2921 707 2989 rationes,
717 2921 850 2997 exhibet,
871 2943 945 3007 quas
955 2923 1255 3010 quidempotestates·

37 3063 46 3072 ’
153 3037 300 3121 appellare
316 3037 388 3101 lieet
407 3045 436 3102 et
454 3058 508 3100 nos
525 3035 870 3121 quoqueappellarimus
888 3055 925 3100 ea
942 3046 1057 3114 mente,
1071 3038 1255 3125 quodsum.

152 3172 205 3238 per
223 3153 262 3217 ad
279 3151 438 3237 Imperium
457 3150 624 3235 pertineant
642 3156 734 3234 atque
751 3151 827 3216 adeo
841 3149 995 3237 potestatis
1004 3153 1161 3217 essentiam
1172 3174 1247 3238 prae

151 3285 185 3331 se
208 3264 322 3340 lerant3
349 3265 401 3330 sed
427 3284 531 3333 revera
547 3273 648 3328 tamen
665 3285 723 3328 non
743 3265 799 3329 uisi
817 3286 911 3331 unum
927 3287 1076 3331 summum
1094 3266 1160 3346 jus,
1181 3288 1257 3334 una·

151 3360 280 3464 potestas
297 3388 356 3457 est,
367 3388 467 3464 atque
485 3378 560 3443 baee
577 3400 694 3444 summa
711 3389 840 3465 potestas
849 3380 948 3448 varias
957 3380 1050 3447 babet
1059 3380 1244 3459 functiones,
1260 3415 1263 3419 ·

153 3512 231 3578 qnae
257 3494 417 3577 separatim
444 3494 624 3560 considerari
642 3494 763 3561 debent.
785 3493 888 3579 Atque
898 3496 937 3561 >in
955 3515 1024 3561 eum
1042 3515 1160 3560 sensum
1177 3517 1245 3561 om·

151 3606 227 3682 nia,
250 3625 328 3690 quae
353 3608 481 3692 imperio
504 3608 633 3702 insunt,
650 3608 719 3687 jura
744 3609 783 3674 ad
811 3608 871 3673 duo
896 3610 963 3675 loca
985 3608 1047 3677 sive
1073 3608 1256 3676 iunctioness

150 3724 323 3809 praecipuas
347 3722 520 3796 retulimus,
546 3735 676 3808 quarum
699 3723 794 3787 altera
816 3722 896 3788 circa
913 3719 1125 3811 generaliora,
1144 3724 1244 3790 altera

151 3820 230 3904 eirea
252 3833 394 3923 specialia
416 3846 560 3903 versetur.
584 3872 587 3888 ,-

192 3952 285 4019 Porro
311 3949 476 4016 functiones
493 3951 564 4015 illae
581 3950 644 4018 sive
661 3933 819 4036 potestates
836 3952 954 4037 Imperii
973 3951 1096 4021 diversis
1115 3952 1240 4039 quidem

28 4101 33 4108 -
149 4068 279 4153 personis
298 4075 351 4133 ant
370 4063 541 4152 corporibus¹
559 4065 689 4148 delegari
705 4074 842 4151 possunt,
863 4066 924 4131 inno
943 4064 1068 4142 debent,
1088 4087 1106 4132 a
1127 4065 1261 4164 quibu

148 4186 357 4256 excrementum
382 4200 489 4249 verum
511 4199 626 4265 semper
642 4178 822 4264 requiritur,
839 4166 877 4250 ,nt
894 4180 927 4245 bi
947 4201 1068 4260 omnes,-
1088 4188 1240 4268 quotquot

146 4300 317 4371 exerceant,
348 4293 461 4384 jndicio
479 4291 598 4375 puidam
616 4311 769 4380 supremo,
797 4294 828 4362 id
846 4302 911 4374 eat,
933 4294 1058 4365 Summo
1075 4296 1238 4386 Imperauti
