<?xml version="1.0" encoding="UTF-8"?>
<!DOCTYPE html PUBLIC "-//W3C//DTD XHTML 1.0 Transitional//EN"
    "http://www.w3.org/TR/xhtml1/DTD/xhtml1-transitional.dtd">
<html xmlns="http://www.w3.org/1999/xhtml" xml:lang="en" lang="en">
 <head>
  <title>
</title>
<meta http-equiv="Content-Type" content="text/html;charset=utf-8" />
  <meta name='ocr-system' content='tesseract 3.04.00' />
  <meta name='ocr-capabilities' content='ocr_page ocr_carea ocr_par ocr_line ocrx_word'/>
</head>
<body>
  <div class='ocr_page' id='page_1' title='image "./disquisitiophil00borrgoog_0098.png"; bbox 0 0 2806 5324; ppageno 0'>
   <div class='ocr_carea' id='block_1_1' title="bbox 665 391 717 466">
    <p class='ocr_par' dir='ltr' id='par_1_1' title="bbox 665 391 717 466">
     <span class='ocr_line' id='line_1_1' title="bbox 665 391 717 466; baseline 0 0"><span class='ocrx_word' id='word_1_1' title='bbox 665 391 717 466; x_wconf 77' lang='lat'>85</span> 
     </span>
    </p>
   </div>
   <div class='ocr_carea' id='block_1_2' title="bbox 143 571 1236 1007">
    <p class='ocr_par' dir='ltr' id='par_1_2' title="bbox 143 571 1236 1007">
     <span class='ocr_line' id='line_1_2' title="bbox 189 571 1234 664; baseline -0.004 -26"><span class='ocrx_word' id='word_1_2' title='bbox 189 571 287 658; x_wconf 81' lang='lat' dir='ltr'>Leges</span> <span class='ocrx_word' id='word_1_3' title='bbox 307 584 407 641; x_wconf 89' lang='lat' dir='ltr'>autem</span> <span class='ocrx_word' id='word_1_4' title='bbox 425 579 563 662; x_wconf 79' lang='lat' dir='ltr'><strong>politicae</strong></span> <span class='ocrx_word' id='word_1_5' title='bbox 578 579 617 645; x_wconf 88' lang='lat' dir='ltr'>in</span> <span class='ocrx_word' id='word_1_6' title='bbox 634 580 709 644; x_wconf 92' lang='lat' dir='ltr'>duas</span> <span class='ocrx_word' id='word_1_7' title='bbox 728 579 839 664; x_wconf 85' lang='lat' dir='ltr'>species</span> <span class='ocrx_word' id='word_1_8' title='bbox 858 576 998 659; x_wconf 74' lang='lat' dir='ltr'>distingui</span> <span class='ocrx_word' id='word_1_9' title='bbox 1018 575 1137 639; x_wconf 90' lang='lat' dir='ltr'>debent.</span> <span class='ocrx_word' id='word_1_10' title='bbox 1145 571 1234 647; x_wconf 80' lang='lat' dir='ltr'>Aliae</span> 
     </span>
     <span class='ocr_line' id='line_1_3' title="bbox 144 688 1235 775; baseline -0.005 -19"><span class='ocrx_word' id='word_1_11' title='bbox 144 708 253 773; x_wconf 81' lang='lat' dir='ltr'><strong>nempe</strong></span> <span class='ocrx_word' id='word_1_12' title='bbox 280 688 324 753; x_wconf 91' lang='lat' dir='ltr'>ita</span> <span class='ocrx_word' id='word_1_13' title='bbox 338 692 482 775; x_wconf 83' lang='lat' dir='ltr'>proxime</span> <span class='ocrx_word' id='word_1_14' title='bbox 507 702 537 757; x_wconf 91' lang='lat' dir='ltr'>et</span> <span class='ocrx_word' id='word_1_15' title='bbox 562 702 624 757; x_wconf 90' lang='lat' dir='ltr'>tam</span> <span class='ocrx_word' id='word_1_16' title='bbox 639 695 806 759; x_wconf 88' lang='lat' dir='ltr'>necessario</span> <span class='ocrx_word' id='word_1_17' title='bbox 822 715 860 758; x_wconf 81' lang='lat' dir='ltr'>ex</span> <span class='ocrx_word' id='word_1_18' title='bbox 877 692 1019 759; x_wconf 82' lang='lat' dir='ltr'>relatione</span> <span class='ocrx_word' id='word_1_19' title='bbox 1037 690 1235 773; x_wconf 74' lang='lat' dir='ltr'>imperantem</span> 
     </span>
     <span class='ocr_line' id='line_1_4' title="bbox 143 803 1236 895; baseline -0.001 -28"><span class='ocrx_word' id='word_1_20' title='bbox 143 804 226 867; x_wconf 90' lang='lat' dir='ltr'>inter</span> <span class='ocrx_word' id='word_1_21' title='bbox 243 813 274 867; x_wconf 90' lang='lat' dir='ltr'>et</span> <span class='ocrx_word' id='word_1_22' title='bbox 292 805 426 871; x_wconf 90' lang='lat' dir='ltr'>subditos</span> <span class='ocrx_word' id='word_1_23' title='bbox 444 808 634 882; x_wconf 89' lang='lat' dir='ltr'>derivantur,</span> <span class='ocrx_word' id='word_1_24' title='bbox 655 816 689 872; x_wconf 90' lang='lat' dir='ltr'>ut</span> <span class='ocrx_word' id='word_1_25' title='bbox 706 808 818 895; x_wconf 88' lang='lat' dir='ltr'>ubique</span> <span class='ocrx_word' id='word_1_26' title='bbox 835 809 958 873; x_wconf 90' lang='lat' dir='ltr'>eaedem</span> <span class='ocrx_word' id='word_1_27' title='bbox 977 808 1050 881; x_wconf 88' lang='lat' dir='ltr'>sint,</span> <span class='ocrx_word' id='word_1_28' title='bbox 1065 825 1159 891; x_wconf 87' lang='lat' dir='ltr'>neque</span> <span class='ocrx_word' id='word_1_29' title='bbox 1169 803 1236 891; x_wconf 81' lang='lat' dir='ltr'>tolli</span> 
     </span>
     <span class='ocr_line' id='line_1_5' title="bbox 145 921 1233 1007; baseline -0.005 -22"><span class='ocrx_word' id='word_1_30' title='bbox 145 929 200 985; x_wconf 92' lang='lat' dir='ltr'>aut</span> <span class='ocrx_word' id='word_1_31' title='bbox 217 921 312 985; x_wconf 91' lang='lat' dir='ltr'>minui</span> <span class='ocrx_word' id='word_1_32' title='bbox 330 922 459 1004; x_wconf 88' lang='lat' dir='ltr'>possint,</span> <span class='ocrx_word' id='word_1_33' title='bbox 476 922 547 1007; x_wconf 92' lang='lat' dir='ltr'>quin</span> <span class='ocrx_word' id='word_1_34' title='bbox 565 922 653 987; x_wconf 87' lang='lat' dir='ltr'>simul</span> <span class='ocrx_word' id='word_1_35' title='bbox 675 931 769 987; x_wconf 87' lang='lat' dir='ltr'>totum</span> <span class='ocrx_word' id='word_1_36' title='bbox 787 923 916 988; x_wconf 90' lang='lat' dir='ltr'>civitatis</span> <span class='ocrx_word' id='word_1_37' title='bbox 931 921 1102 987; x_wconf 82' lang='lat' dir='ltr'>aedificium·</span> <span class='ocrx_word' id='word_1_38' title='bbox 1113 927 1233 984; x_wconf 78' lang='lat' dir='ltr'>corruat</span> 
     </span>
    </p>
   </div>
   <div class='ocr_carea' id='block_1_3' title="bbox 146 1031 1357 1135">
    <p class='ocr_par' dir='ltr' id='par_1_3' title="bbox 146 1031 1357 1135">
     <span class='ocr_line' id='line_1_6' title="bbox 146 1031 1357 1135; baseline -0.004 -37"><span class='ocrx_word' id='word_1_39' title='bbox 146 1044 201 1100; x_wconf 89' lang='lat' dir='ltr'>aut</span> <span class='ocrx_word' id='word_1_40' title='bbox 218 1036 324 1099; x_wconf 89' lang='lat' dir='ltr'>saltem</span> <span class='ocrx_word' id='word_1_41' title='bbox 343 1035 551 1100; x_wconf 73' lang='lat' dir='ltr'>labefactetur.</span> <span class='ocrx_word' id='word_1_42' title='bbox 576 1036 696 1123; x_wconf 86' lang='lat' dir='ltr'>llasque</span> <span class='ocrx_word' id='word_1_43' title='bbox 705 1036 944 1123; x_wconf 79' lang='lat' dir='ltr'>fundamentales</span> <span class='ocrx_word' id='word_1_44' title='bbox 952 1031 1233 1135; x_wconf 72' lang='lat' dir='ltr'>appellamus,quia</span> <span class='ocrx_word' id='word_1_45' title='bbox 1352 1109 1357 1119; x_wconf 23' lang='grc' dir='ltr'><strong>ι</strong></span> 
     </span>
    </p>
   </div>
   <div class='ocr_carea' id='block_1_4' title="bbox 110 1147 1325 4217">
    <p class='ocr_par' dir='ltr' id='par_1_4' title="bbox 110 1147 1256 2269">
     <span class='ocr_line' id='line_1_7' title="bbox 144 1147 1233 1219; baseline -0.005 -5"><span class='ocrx_word' id='word_1_46' title='bbox 144 1150 185 1215; x_wconf 89' lang='lat' dir='ltr'>iis</span> <span class='ocrx_word' id='word_1_47' title='bbox 202 1171 318 1219; x_wconf 79' lang='lat' dir='ltr'>revera</span> <span class='ocrx_word' id='word_1_48' title='bbox 345 1160 380 1215; x_wconf 87' lang='lat' dir='ltr'>ut</span> <span class='ocrx_word' id='word_1_49' title='bbox 407 1150 604 1215; x_wconf 89' lang='lat' dir='ltr'>fundamento</span> <span class='ocrx_word' id='word_1_50' title='bbox 624 1151 728 1216; x_wconf 89' lang='lat' dir='ltr'>nititur</span> <span class='ocrx_word' id='word_1_51' title='bbox 746 1149 861 1217; x_wconf 77' lang='lat' dir='ltr'>civitas</span> <span class='ocrx_word' id='word_1_52' title='bbox 880 1150 967 1216; x_wconf 86' lang='lat' dir='ltr'>Aliae</span> <span class='ocrx_word' id='word_1_53' title='bbox 986 1171 1056 1218; x_wconf 85' lang='lat' dir='ltr'>vero</span> <span class='ocrx_word' id='word_1_54' title='bbox 1076 1170 1112 1213; x_wconf 83' lang='lat' dir='ltr'>er</span> <span class='ocrx_word' id='word_1_55' title='bbox 1128 1147 1233 1211; x_wconf 88' lang='lat' dir='ltr'>eadem</span> 
     </span>
     <span class='ocr_line' id='line_1_8' title="bbox 142 1264 1234 1352; baseline -0.004 -24"><span class='ocrx_word' id='word_1_56' title='bbox 142 1265 291 1330; x_wconf 85' lang='lat' dir='ltr'>relatione</span> <span class='ocrx_word' id='word_1_57' title='bbox 307 1265 488 1350; x_wconf 82' lang='lat' dir='ltr'>imperantis</span> <span class='ocrx_word' id='word_1_58' title='bbox 506 1285 574 1329; x_wconf 92' lang='lat' dir='ltr'>cum</span> <span class='ocrx_word' id='word_1_59' title='bbox 594 1264 721 1329; x_wconf 88' lang='lat' dir='ltr'>subditis</span> <span class='ocrx_word' id='word_1_60' title='bbox 737 1266 910 1331; x_wconf 85' lang='lat' dir='ltr'>derivantur</span> <span class='ocrx_word' id='word_1_61' title='bbox 920 1265 1058 1352; x_wconf 90' lang='lat' dir='ltr'>quidem,</span> <span class='ocrx_word' id='word_1_62' title='bbox 1071 1264 1122 1330; x_wconf 88' lang='lat' dir='ltr'>sed</span> <span class='ocrx_word' id='word_1_63' title='bbox 1133 1272 1234 1327; x_wconf 88' lang='lat' dir='ltr'>tamen</span> 
     </span>
     <span class='ocr_line' id='line_1_9' title="bbox 143 1377 1234 1466; baseline -0.002 -24"><span class='ocrx_word' id='word_1_64' title='bbox 143 1379 263 1464; x_wconf 82' lang='lat' dir='ltr'>proprie</span> <span class='ocrx_word' id='word_1_65' title='bbox 282 1388 313 1443; x_wconf 92' lang='lat' dir='ltr'>et</span> <span class='ocrx_word' id='word_1_66' title='bbox 331 1379 460 1464; x_wconf 84' lang='lat' dir='ltr'>proxime</span> <span class='ocrx_word' id='word_1_67' title='bbox 475 1402 536 1445; x_wconf 86' lang='lat' dir='ltr'>non</span> <span class='ocrx_word' id='word_1_68' title='bbox 555 1381 611 1445; x_wconf 88' lang='lat' dir='ltr'>nisi</span> <span class='ocrx_word' id='word_1_69' title='bbox 630 1380 870 1466; x_wconf 87' lang='lat' dir='ltr'>amplificationes</span> <span class='ocrx_word' id='word_1_70' title='bbox 888 1381 950 1446; x_wconf 90' lang='lat' dir='ltr'>sive</span> <span class='ocrx_word' id='word_1_71' title='bbox 961 1381 1181 1444; x_wconf 89' lang='lat' dir='ltr'>consecutiones</span> <span class='ocrx_word' id='word_1_72' title='bbox 1190 1377 1234 1441; x_wconf 90' lang='lat' dir='ltr'>le·</span> 
     </span>
     <span class='ocr_line' id='line_1_10' title="bbox 140 1488 1234 1580; baseline -0.001 -22"><span class='ocrx_word' id='word_1_73' title='bbox 140 1515 217 1577; x_wconf 85' lang='lat' dir='ltr'>gum</span> <span class='ocrx_word' id='word_1_74' title='bbox 233 1494 503 1560; x_wconf 89' lang='lat' dir='ltr'>fundamentalium</span> <span class='ocrx_word' id='word_1_75' title='bbox 522 1504 609 1571; x_wconf 90' lang='lat' dir='ltr'>sunt,</span> <span class='ocrx_word' id='word_1_76' title='bbox 631 1497 678 1561; x_wconf 90' lang='lat' dir='ltr'>vel</span> <span class='ocrx_word' id='word_1_77' title='bbox 696 1496 824 1560; x_wconf 87' lang='lat' dir='ltr'>formam</span> <span class='ocrx_word' id='word_1_78' title='bbox 841 1488 1018 1580; x_wconf 77' lang='lat' dir='ltr'>respiciunt,</span> <span class='ocrx_word' id='word_1_79' title='bbox 1035 1515 1093 1579; x_wconf 82' lang='lat' dir='ltr'>qua</span> <span class='ocrx_word' id='word_1_80' title='bbox 1104 1494 1234 1579; x_wconf 83' lang='lat' dir='ltr'>ipsarum</span> 
     </span>
     <span class='ocr_line' id='line_1_11' title="bbox 142 1593 1233 1697; baseline -0.003 -23"><span class='ocrx_word' id='word_1_81' title='bbox 142 1609 334 1677; x_wconf 87' lang='lat' dir='ltr'>observantia</span> <span class='ocrx_word' id='word_1_82' title='bbox 372 1619 508 1684; x_wconf 87' lang='lat' dir='ltr'>tueatur;</span> <span class='ocrx_word' id='word_1_83' title='bbox 546 1630 643 1697; x_wconf 85' lang='lat' dir='ltr'>neque</span> <span class='ocrx_word' id='word_1_84' title='bbox 680 1593 724 1674; x_wconf 82' lang='lat' dir='ltr'>uti</span> <span class='ocrx_word' id='word_1_85' title='bbox 753 1612 832 1692; x_wconf 89' lang='lat' dir='ltr'>leges</span> <span class='ocrx_word' id='word_1_86' title='bbox 858 1609 1096 1675; x_wconf 86' lang='lat' dir='ltr'>fundamentales</span> <span class='ocrx_word' id='word_1_87' title='bbox 1123 1607 1233 1695; x_wconf 86' lang='lat' dir='ltr'>ubique</span> 
     </span>
     <span class='ocr_line' id='line_1_12' title="bbox 141 1724 1232 1808; baseline -0.004 -19"><span class='ocrx_word' id='word_1_88' title='bbox 141 1726 369 1800; x_wconf 78' lang='lat' dir='ltr'>eaedemmnt.</span> <span class='ocrx_word' id='word_1_89' title='bbox 390 1724 442 1789; x_wconf 90' lang='lat' dir='ltr'>scd</span> <span class='ocrx_word' id='word_1_90' title='bbox 465 1745 532 1788; x_wconf 90' lang='lat' dir='ltr'>cum</span> <span class='ocrx_word' id='word_1_91' title='bbox 552 1726 630 1807; x_wconf 89' lang='lat' dir='ltr'>leges</span> <span class='ocrx_word' id='word_1_92' title='bbox 651 1724 908 1799; x_wconf 79' lang='lat' dir='ltr'>fundamentales,</span> <span class='ocrx_word' id='word_1_93' title='bbox 929 1733 1016 1808; x_wconf 88' lang='lat' dir='ltr'>prout</span> <span class='ocrx_word' id='word_1_94' title='bbox 1036 1724 1144 1787; x_wconf 91' lang='lat' dir='ltr'>cultior</span> <span class='ocrx_word' id='word_1_95' title='bbox 1157 1743 1232 1788; x_wconf 64' lang='lat' dir='ltr'>,eva-</span> 
     </span>
     <span class='ocr_line' id='line_1_13' title="bbox 142 1837 1234 1925; baseline -0.001 -21"><span class='ocrx_word' id='word_1_96' title='bbox 142 1841 188 1904; x_wconf 89' lang='lat' dir='ltr'>dit</span> <span class='ocrx_word' id='word_1_97' title='bbox 213 1841 336 1917; x_wconf 90' lang='lat' dir='ltr'>civitas,</span> <span class='ocrx_word' id='word_1_98' title='bbox 361 1841 460 1925; x_wconf 89' lang='lat' dir='ltr'>plures</span> <span class='ocrx_word' id='word_1_99' title='bbox 478 1840 670 1923; x_wconf 76' lang='lat' dir='ltr'>paucioresve</span> <span class='ocrx_word' id='word_1_100' title='bbox 688 1839 931 1925; x_wconf 84' lang='lat' dir='ltr'>amplificationes</span> <span class='ocrx_word' id='word_1_101' title='bbox 954 1849 984 1904; x_wconf 93' lang='lat' dir='ltr'>et</span> <span class='ocrx_word' id='word_1_102' title='bbox 1012 1837 1234 1904; x_wconf 88' lang='lat' dir='ltr'>consecutiones</span> 
     </span>
     <span class='ocr_line' id='line_1_14' title="bbox 110 1943 1234 2041; baseline -0.004 -21"><span class='ocrx_word' id='word_1_103' title='bbox 110 2025 113 2028; x_wconf 66' lang='grc'><strong>,</strong></span> <span class='ocrx_word' id='word_1_104' title='bbox 140 1953 302 2038; x_wconf 85' lang='lat' dir='ltr'>recipiant,</span> <span class='ocrx_word' id='word_1_105' title='bbox 326 1963 356 2018; x_wconf 89' lang='lat' dir='ltr'>et</span> <span class='ocrx_word' id='word_1_106' title='bbox 366 1954 430 2041; x_wconf 88' lang='lat' dir='ltr'>ipsa</span> <span class='ocrx_word' id='word_1_107' title='bbox 439 1943 551 2029; x_wconf 80' lang='lat' dir='ltr'>forma,</span> <span class='ocrx_word' id='word_1_108' title='bbox 565 1974 624 2041; x_wconf 87' lang='lat' dir='ltr'>qua</span> <span class='ocrx_word' id='word_1_109' title='bbox 640 1955 850 2029; x_wconf 86' lang='lat' dir='ltr'>observentur,</span> <span class='ocrx_word' id='word_1_110' title='bbox 868 1976 922 2039; x_wconf 90' lang='lat' dir='ltr'>pro</span> <span class='ocrx_word' id='word_1_111' title='bbox 940 1955 1057 2022; x_wconf 88' lang='lat' dir='ltr'>diversa</span> <span class='ocrx_word' id='word_1_112' title='bbox 1069 1964 1234 2038; x_wconf 87' lang='lat' dir='ltr'>temporum</span> 
     </span>
     <span class='ocr_line' id='line_1_15' title="bbox 140 2066 1232 2155; baseline 0.002 -23"><span class='ocrx_word' id='word_1_113' title='bbox 140 2088 299 2155; x_wconf 88' lang='lat' dir='ltr'>rerumque</span> <span class='ocrx_word' id='word_1_114' title='bbox 309 2070 476 2134; x_wconf 89' lang='lat' dir='ltr'>conditione</span> <span class='ocrx_word' id='word_1_115' title='bbox 485 2068 574 2153; x_wconf 88' lang='lat' dir='ltr'>possit</span> <span class='ocrx_word' id='word_1_116' title='bbox 593 2068 720 2143; x_wconf 89' lang='lat' dir='ltr'>variari,</span> <span class='ocrx_word' id='word_1_117' title='bbox 737 2066 806 2133; x_wconf 89' lang='lat' dir='ltr'>lrinc</span> <span class='ocrx_word' id='word_1_118' title='bbox 824 2070 925 2152; x_wconf 89' lang='lat' dir='ltr'>augeri</span> <span class='ocrx_word' id='word_1_119' title='bbox 943 2071 993 2138; x_wconf 91' lang='lat' dir='ltr'>vel</span> <span class='ocrx_word' id='word_1_120' title='bbox 1001 2070 1095 2135; x_wconf 92' lang='lat' dir='ltr'>minui</span> <span class='ocrx_word' id='word_1_121' title='bbox 1105 2071 1153 2134; x_wconf 89' lang='lat' dir='ltr'>vel</span> <span class='ocrx_word' id='word_1_122' title='bbox 1162 2090 1232 2134; x_wconf 93' lang='lat' dir='ltr'>mu-</span> 
     </span>
     <span class='ocr_line' id='line_1_16' title="bbox 139 2182 1256 2269; baseline 0 -22"><span class='ocrx_word' id='word_1_123' title='bbox 139 2182 199 2247; x_wconf 91' lang='lat' dir='ltr'>tari</span> <span class='ocrx_word' id='word_1_124' title='bbox 216 2182 473 2267; x_wconf 84' lang='lat' dir='ltr'>onminopossunt.</span> <span class='ocrx_word' id='word_1_125' title='bbox 486 2183 548 2246; x_wconf 86' lang='lat' dir='ltr'>llas</span> <span class='ocrx_word' id='word_1_126' title='bbox 558 2192 656 2247; x_wconf 91' lang='lat' dir='ltr'>autem</span> <span class='ocrx_word' id='word_1_127' title='bbox 666 2182 803 2269; x_wconf 81' lang='lat' dir='ltr'>politicus</span> <span class='ocrx_word' id='word_1_128' title='bbox 810 2183 911 2248; x_wconf 89' lang='lat' dir='ltr'>stricte</span> <span class='ocrx_word' id='word_1_129' title='bbox 920 2183 963 2249; x_wconf 95' lang='lat' dir='ltr'>sic</span> <span class='ocrx_word' id='word_1_130' title='bbox 974 2184 1068 2249; x_wconf 92' lang='lat' dir='ltr'>dictas</span> <span class='ocrx_word' id='word_1_131' title='bbox 1081 2194 1256 2249; x_wconf 66' lang='lat' dir='ltr'>vocamus*</span> 
     </span>
    </p>

    <p class='ocr_par' dir='ltr' id='par_1_5' title="bbox 141 2295 1232 3530">
     <span class='ocr_line' id='line_1_17' title="bbox 186 2295 1232 2384; baseline 0.003 -26"><span class='ocrx_word' id='word_1_132' title='bbox 186 2295 266 2377; x_wconf 84' lang='lat' dir='ltr'>Ergo</span> <span class='ocrx_word' id='word_1_133' title='bbox 283 2298 362 2383; x_wconf 82' lang='lat' dir='ltr'>leges</span> <span class='ocrx_word' id='word_1_134' title='bbox 370 2295 607 2384; x_wconf 69' lang='lat' dir='ltr'>fundamentales</span> <span class='ocrx_word' id='word_1_135' title='bbox 616 2306 685 2362; x_wconf 91' lang='lat' dir='ltr'>sunt</span> <span class='ocrx_word' id='word_1_136' title='bbox 696 2299 775 2382; x_wconf 88' lang='lat' dir='ltr'>leges</span> <span class='ocrx_word' id='word_1_137' title='bbox 783 2299 936 2384; x_wconf 90' lang='lat' dir='ltr'>politicae,</span> <span class='ocrx_word' id='word_1_138' title='bbox 955 2320 1030 2384; x_wconf 88' lang='lat' dir='ltr'>quae</span> <span class='ocrx_word' id='word_1_139' title='bbox 1042 2319 1080 2362; x_wconf 81' lang='lat' dir='ltr'>ex</span> <span class='ocrx_word' id='word_1_140' title='bbox 1089 2297 1232 2364; x_wconf 89' lang='lat' dir='ltr'>relatione</span> 
     </span>
     <span class='ocr_line' id='line_1_18' title="bbox 142 2407 1231 2499; baseline 0 -25"><span class='ocrx_word' id='word_1_141' title='bbox 142 2407 313 2474; x_wconf 83' lang='lat' dir='ltr'>necessaria</span> <span class='ocrx_word' id='word_1_142' title='bbox 340 2412 403 2478; x_wconf 90' lang='lat' dir='ltr'>sive</span> <span class='ocrx_word' id='word_1_143' title='bbox 421 2410 550 2476; x_wconf 87' lang='lat' dir='ltr'>naturali</span> <span class='ocrx_word' id='word_1_144' title='bbox 568 2413 755 2477; x_wconf 90' lang='lat' dir='ltr'>subditorum</span> <span class='ocrx_word' id='word_1_145' title='bbox 776 2434 843 2477; x_wconf 91' lang='lat' dir='ltr'>cum</span> <span class='ocrx_word' id='word_1_146' title='bbox 863 2413 1030 2499; x_wconf 88' lang='lat' dir='ltr'>Imperante</span> <span class='ocrx_word' id='word_1_147' title='bbox 1050 2412 1231 2477; x_wconf 87' lang='lat' dir='ltr'>derivantur.</span> 
     </span>
     <span class='ocr_line' id='line_1_19' title="bbox 143 2523 1227 2612; baseline 0.002 -25"><span class='ocrx_word' id='word_1_148' title='bbox 143 2523 186 2587; x_wconf 91' lang='lat' dir='ltr'>Ut</span> <span class='ocrx_word' id='word_1_149' title='bbox 224 2543 294 2589; x_wconf 90' lang='lat' dir='ltr'>vero</span> <span class='ocrx_word' id='word_1_150' title='bbox 331 2533 439 2588; x_wconf 89' lang='lat' dir='ltr'>natura</span> <span class='ocrx_word' id='word_1_151' title='bbox 476 2525 667 2591; x_wconf 89' lang='lat' dir='ltr'>monarchiae</span> <span class='ocrx_word' id='word_1_152' title='bbox 699 2528 889 2593; x_wconf 78' lang='lat' dir='ltr'>excellentior</span> <span class='ocrx_word' id='word_1_153' title='bbox 933 2528 1041 2592; x_wconf 90' lang='lat' dir='ltr'>deinde</span> <span class='ocrx_word' id='word_1_154' title='bbox 1073 2535 1227 2612; x_wconf 90' lang='lat' dir='ltr'>appareat,</span> 
     </span>
     <span class='ocr_line' id='line_1_20' title="bbox 141 2637 1232 2724; baseline 0.001 -22"><span class='ocrx_word' id='word_1_155' title='bbox 141 2637 237 2722; x_wconf 87' lang='lat' dir='ltr'>probe</span> <span class='ocrx_word' id='word_1_156' title='bbox 256 2640 439 2716; x_wconf 90' lang='lat' dir='ltr'>notandum,</span> <span class='ocrx_word' id='word_1_157' title='bbox 461 2641 631 2721; x_wconf 86' lang='lat' dir='ltr'>hujusmodi</span> <span class='ocrx_word' id='word_1_158' title='bbox 650 2643 729 2724; x_wconf 92' lang='lat' dir='ltr'>leges</span> <span class='ocrx_word' id='word_1_159' title='bbox 747 2641 984 2707; x_wconf 87' lang='lat' dir='ltr'>fundamentales</span> <span class='ocrx_word' id='word_1_160' title='bbox 1000 2642 1232 2705; x_wconf 90' lang='lat' dir='ltr'>insolamonar-</span> 
     </span>
     <span class='ocr_line' id='line_1_21' title="bbox 143 2749 1232 2842; baseline 0.003 -27"><span class='ocrx_word' id='word_1_161' title='bbox 143 2751 213 2816; x_wconf 89' lang='lat' dir='ltr'>cbia</span> <span class='ocrx_word' id='word_1_162' title='bbox 230 2752 361 2836; x_wconf 89' lang='lat' dir='ltr'>reperiri.</span> <span class='ocrx_word' id='word_1_163' title='bbox 384 2749 651 2828; x_wconf 79' lang='lat' dir='ltr'>Monrnsonrevros</span> <span class='ocrx_word' id='word_1_164' title='bbox 669 2757 789 2842; x_wconf 87' lang='lat' dir='ltr'>quidem</span> <span class='ocrx_word' id='word_1_165' title='bbox 805 2755 836 2820; x_wconf 94' lang='lat' dir='ltr'>in</span> <span class='ocrx_word' id='word_1_166' title='bbox 858 2755 1030 2821; x_wconf 86' lang='lat' dir='ltr'>civitatibus</span> <span class='ocrx_word' id='word_1_167' title='bbox 1046 2772 1162 2839; x_wconf 90' lang='lat' dir='ltr'>quoque</span> <span class='ocrx_word' id='word_1_168' title='bbox 1179 2774 1232 2836; x_wconf 95' lang='lat' dir='ltr'>po·</span> 
     </span>
     <span class='ocr_line' id='line_1_22' title="bbox 141 2867 1232 2954; baseline -0.004 -22"><span class='ocrx_word' id='word_1_169' title='bbox 141 2868 297 2954; x_wconf 89' lang='lat' dir='ltr'>pularibus</span> <span class='ocrx_word' id='word_1_170' title='bbox 323 2868 421 2936; x_wconf 89' lang='lat' dir='ltr'>varias</span> <span class='ocrx_word' id='word_1_171' title='bbox 445 2879 577 2934; x_wconf 89' lang='lat' dir='ltr'>recenset</span> <span class='ocrx_word' id='word_1_172' title='bbox 604 2872 683 2953; x_wconf 91' lang='lat' dir='ltr'>leges</span> <span class='ocrx_word' id='word_1_173' title='bbox 702 2870 958 2941; x_wconf 61' lang='lat' dir='ltr'>fundamentalem</span> <span class='ocrx_word' id='word_1_174' title='bbox 979 2877 1011 2932; x_wconf 89' lang='lat' dir='ltr'>at</span> <span class='ocrx_word' id='word_1_175' title='bbox 1029 2888 1087 2931; x_wconf 91' lang='lat' dir='ltr'>non</span> <span class='ocrx_word' id='word_1_176' title='bbox 1104 2867 1232 2929; x_wconf 85' lang='lat' dir='ltr'>multum</span> 
     </span>
     <span class='ocr_line' id='line_1_23' title="bbox 141 2982 1232 3072; baseline 0.003 -27"><span class='ocrx_word' id='word_1_177' title='bbox 141 2983 240 3068; x_wconf 89' lang='lat' dir='ltr'>operis</span> <span class='ocrx_word' id='word_1_178' title='bbox 256 2983 311 3047; x_wconf 90' lang='lat' dir='ltr'>erit</span> <span class='ocrx_word' id='word_1_179' title='bbox 332 2983 478 3067; x_wconf 89' lang='lat' dir='ltr'>probare,</span> <span class='ocrx_word' id='word_1_180' title='bbox 499 3004 549 3049; x_wconf 91' lang='lat' dir='ltr'>eas</span> <span class='ocrx_word' id='word_1_181' title='bbox 567 3004 683 3057; x_wconf 79' lang='lat' dir='ltr'>omnes,</span> <span class='ocrx_word' id='word_1_182' title='bbox 704 3006 777 3072; x_wconf 88' lang='lat' dir='ltr'>quas</span> <span class='ocrx_word' id='word_1_183' title='bbox 797 2982 1232 3067; x_wconf 88' lang='lat' dir='ltr'>indigncnominefundamen-</span> 
     </span>
     <span class='ocr_line' id='line_1_24' title="bbox 142 3096 1232 3185; baseline 0 -25"><span class='ocrx_word' id='word_1_184' title='bbox 142 3097 220 3161; x_wconf 88' lang='lat' dir='ltr'>tales</span> <span class='ocrx_word' id='word_1_185' title='bbox 238 3098 384 3181; x_wconf 87' lang='lat' dir='ltr'>appellat,</span> <span class='ocrx_word' id='word_1_186' title='bbox 405 3120 464 3162; x_wconf 90' lang='lat' dir='ltr'>non</span> <span class='ocrx_word' id='word_1_187' title='bbox 480 3118 542 3162; x_wconf 86' lang='lat' dir='ltr'>csse</span> <span class='ocrx_word' id='word_1_188' title='bbox 559 3097 717 3164; x_wconf 82' lang='lat' dir='ltr'>relationes</span> <span class='ocrx_word' id='word_1_189' title='bbox 737 3096 936 3174; x_wconf 67' lang='lat' dir='ltr'>necessarius,</span> <span class='ocrx_word' id='word_1_190' title='bbox 959 3120 1035 3185; x_wconf 89' lang='lat' dir='ltr'>quae</span> <span class='ocrx_word' id='word_1_191' title='bbox 1054 3119 1089 3162; x_wconf 85' lang='lat' dir='ltr'>ex</span> <span class='ocrx_word' id='word_1_192' title='bbox 1107 3099 1169 3182; x_wconf 90' lang='lat' dir='ltr'>ipsa</span> <span class='ocrx_word' id='word_1_193' title='bbox 1184 3117 1232 3161; x_wconf 92' lang='lat' dir='ltr'>re-</span> 
     </span>
     <span class='ocr_line' id='line_1_25' title="bbox 142 3212 1232 3299; baseline 0.001 -24"><span class='ocrx_word' id='word_1_194' title='bbox 142 3232 212 3276; x_wconf 87' lang='lat' dir='ltr'>rum</span> <span class='ocrx_word' id='word_1_195' title='bbox 229 3220 339 3275; x_wconf 87' lang='lat' dir='ltr'>natura</span> <span class='ocrx_word' id='word_1_196' title='bbox 358 3212 549 3287; x_wconf 89' lang='lat' dir='ltr'>derivantur,</span> <span class='ocrx_word' id='word_1_197' title='bbox 567 3215 618 3277; x_wconf 88' lang='lat' dir='ltr'>sed</span> <span class='ocrx_word' id='word_1_198' title='bbox 639 3215 715 3278; x_wconf 90' lang='lat' dir='ltr'>nibil</span> <span class='ocrx_word' id='word_1_199' title='bbox 734 3216 816 3280; x_wconf 90' lang='lat' dir='ltr'>aliud</span> <span class='ocrx_word' id='word_1_200' title='bbox 836 3215 890 3280; x_wconf 90' lang='lat' dir='ltr'>nisi</span> <span class='ocrx_word' id='word_1_201' title='bbox 903 3216 982 3298; x_wconf 89' lang='lat' dir='ltr'>leges</span> <span class='ocrx_word' id='word_1_202' title='bbox 991 3215 1142 3298; x_wconf 88' lang='lat' dir='ltr'>politicas,</span> <span class='ocrx_word' id='word_1_203' title='bbox 1156 3233 1232 3299; x_wconf 89' lang='lat' dir='ltr'>quae</span> 
     </span>
     <span class='ocr_line' id='line_1_26' title="bbox 142 3326 1228 3414; baseline 0 -20"><span class='ocrx_word' id='word_1_204' title='bbox 142 3350 181 3394; x_wconf 87' lang='lat' dir='ltr'>ex</span> <span class='ocrx_word' id='word_1_205' title='bbox 209 3326 411 3396; x_wconf 91' lang='lat' dir='ltr'>voluntatibus</span> <span class='ocrx_word' id='word_1_206' title='bbox 438 3326 561 3411; x_wconf 89' lang='lat' dir='ltr'>privatis</span> <span class='ocrx_word' id='word_1_207' title='bbox 587 3337 616 3392; x_wconf 91' lang='lat' dir='ltr'>et</span> <span class='ocrx_word' id='word_1_208' title='bbox 639 3348 673 3392; x_wconf 82' lang='lat' dir='ltr'>ex</span> <span class='ocrx_word' id='word_1_209' title='bbox 692 3327 879 3414; x_wconf 88' lang='lat' dir='ltr'>opinionibus</span> <span class='ocrx_word' id='word_1_210' title='bbox 894 3330 1041 3395; x_wconf 86' lang='lat' dir='ltr'>oriuntur.</span> <span class='ocrx_word' id='word_1_211' title='bbox 1060 3327 1228 3394; x_wconf 82' lang='lat' dir='ltr'>Audiamus</span> 
     </span>
     <span class='ocr_line' id='line_1_27' title="bbox 141 3446 587 3530; baseline -0.009 -21"><span class='ocrx_word' id='word_1_212' title='bbox 141 3446 241 3530; x_wconf 90' lang='lat' dir='ltr'>ipsum</span> <span class='ocrx_word' id='word_1_213' title='bbox 257 3465 536 3516; x_wconf 80' lang='lat' dir='ltr'>uourrsoomvrnrt.</span> <span class='ocrx_word' id='word_1_214' title='bbox 584 3464 587 3469; x_wconf 91' lang='lat'>·</span> 
     </span>
    </p>

    <p class='ocr_par' dir='ltr' id='par_1_6' title="bbox 142 3553 1325 4217">
     <span class='ocr_line' id='line_1_28' title="bbox 190 3553 1231 3642; baseline -0.003 -18"><span class='ocrx_word' id='word_1_215' title='bbox 190 3562 233 3624; x_wconf 82' lang='lat'>1⁰.</span> <span class='ocrx_word' id='word_1_216' title='bbox 257 3559 316 3622; x_wconf 92' lang='lat' dir='ltr'>«ln</span> <span class='ocrx_word' id='word_1_217' title='bbox 339 3557 522 3622; x_wconf 84' lang='lat' dir='ltr'>democratia</span> <span class='ocrx_word' id='word_1_218' title='bbox 541 3558 588 3621; x_wconf 80' lang='lat' dir='ltr'>fer</span> <span class='ocrx_word' id='word_1_219' title='bbox 604 3553 839 3642; x_wconf 81' lang='lat' dir='ltr'>fundamentalis</span> <span class='ocrx_word' id='word_1_220' title='bbox 858 3566 920 3632; x_wconf 90' lang='lat' dir='ltr'>est,</span> <span class='ocrx_word' id='word_1_221' title='bbox 942 3567 978 3621; x_wconf 88' lang='lat' dir='ltr'>nt</span> <span class='ocrx_word' id='word_1_222' title='bbox 996 3556 1153 3623; x_wconf 90' lang='lat' dir='ltr'>deliniatur</span> <span class='ocrx_word' id='word_1_223' title='bbox 1171 3579 1231 3622; x_wconf 92' lang='lat' dir='ltr'>nu-</span> 
     </span>
     <span class='ocr_line' id='line_1_29' title="bbox 143 3670 1325 3758; baseline -0.004 -18"><span class='ocrx_word' id='word_1_224' title='bbox 143 3692 270 3740; x_wconf 78' lang='lat' dir='ltr'>nmcrus</span> <span class='ocrx_word' id='word_1_225' title='bbox 292 3671 417 3746; x_wconf 85' lang='lat' dir='ltr'>civium,</span> <span class='ocrx_word' id='word_1_226' title='bbox 441 3670 601 3758; x_wconf 81' lang='lat' dir='ltr'>exquibus</span> <span class='ocrx_word' id='word_1_227' title='bbox 619 3680 754 3735; x_wconf 84' lang='lat' dir='ltr'>constare</span> <span class='ocrx_word' id='word_1_228' title='bbox 774 3671 883 3736; x_wconf 91' lang='lat' dir='ltr'>debent</span> <span class='ocrx_word' id='word_1_229' title='bbox 902 3672 1057 3737; x_wconf 90' lang='lat' dir='ltr'>conciones</span> <span class='ocrx_word' id='word_1_230' title='bbox 1075 3673 1231 3757; x_wconf 88' lang='lat' dir='ltr'>publicae:</span> <span class='ocrx_word' id='word_1_231' title='bbox 1321 3670 1325 3683; x_wconf 94' lang='grc'><em>’</em></span> 
     </span>
     <span class='ocr_line' id='line_1_30' title="bbox 145 3785 1233 3873; baseline 0.002 -22"><span class='ocrx_word' id='word_1_232' title='bbox 145 3788 201 3853; x_wconf 79' lang='lat' dir='ltr'>nid</span> <span class='ocrx_word' id='word_1_233' title='bbox 221 3787 300 3853; x_wconf 84' lang='lat' dir='ltr'>enim</span> <span class='ocrx_word' id='word_1_234' title='bbox 318 3786 342 3852; x_wconf 90' lang='lat' dir='ltr'>si</span> <span class='ocrx_word' id='word_1_235' title='bbox 362 3809 420 3852; x_wconf 91' lang='lat' dir='ltr'>non</span> <span class='ocrx_word' id='word_1_236' title='bbox 441 3785 539 3860; x_wconf 87' lang='lat' dir='ltr'>lieret,</span> <span class='ocrx_word' id='word_1_237' title='bbox 560 3786 729 3868; x_wconf 89' lang='lat' dir='ltr'>contingere</span> <span class='ocrx_word' id='word_1_238' title='bbox 746 3796 859 3872; x_wconf 89' lang='lat' dir='ltr'>posset,</span> <span class='ocrx_word' id='word_1_239' title='bbox 877 3797 912 3852; x_wconf 88' lang='lat' dir='ltr'>ut</span> <span class='ocrx_word' id='word_1_240' title='bbox 930 3788 1080 3871; x_wconf 81' lang='lat' dir='ltr'>ignoretur</span> <span class='ocrx_word' id='word_1_241' title='bbox 1098 3810 1168 3853; x_wconf 92' lang='lat' dir='ltr'>num</span> <span class='ocrx_word' id='word_1_242' title='bbox 1181 3810 1233 3873; x_wconf 92' lang='lat' dir='ltr'>po-</span> 
     </span>
     <span class='ocr_line' id='line_1_31' title="bbox 143 3902 1299 3989; baseline -0.001 -20"><span class='ocrx_word' id='word_1_243' title='bbox 143 3905 256 3989; x_wconf 86' lang='lat' dir='ltr'>»pulus</span> <span class='ocrx_word' id='word_1_244' title='bbox 283 3903 414 3985; x_wconf 79' lang='lat' dir='ltr'>integer,</span> <span class='ocrx_word' id='word_1_245' title='bbox 445 3924 483 3967; x_wconf 93' lang='lat' dir='ltr'>an</span> <span class='ocrx_word' id='word_1_246' title='bbox 514 3903 609 3968; x_wconf 90' lang='lat' dir='ltr'>solum</span> <span class='ocrx_word' id='word_1_247' title='bbox 636 3922 711 3986; x_wconf 86' lang='lat' dir='ltr'>pars</span> <span class='ocrx_word' id='word_1_248' title='bbox 730 3902 795 3982; x_wconf 85' lang='lat' dir='ltr'>ejus</span> <span class='ocrx_word' id='word_1_249' title='bbox 820 3905 1003 3970; x_wconf 89' lang='lat' dir='ltr'>voluntatem</span> <span class='ocrx_word' id='word_1_250' title='bbox 1025 3905 1235 3972; x_wconf 88' lang='lat' dir='ltr'>declaraverit.</span> <span class='ocrx_word' id='word_1_251' title='bbox 1295 3945 1299 3955; x_wconf 89' lang='lat'><em>·</em></span> 
     </span>
     <span class='ocr_line' id='line_1_32' title="bbox 142 4016 1231 4105; baseline 0.002 -22"><span class='ocrx_word' id='word_1_252' title='bbox 142 4018 295 4103; x_wconf 85' lang='lat' dir='ltr'>»Spartae</span> <span class='ocrx_word' id='word_1_253' title='bbox 322 4019 361 4082; x_wconf 89' lang='lat' dir='ltr'>ad</span> <span class='ocrx_word' id='word_1_254' title='bbox 390 4017 470 4083; x_wconf 90' lang='lat' dir='ltr'>bunc</span> <span class='ocrx_word' id='word_1_255' title='bbox 494 4017 582 4083; x_wconf 90' lang='lat' dir='ltr'>linem</span> <span class='ocrx_word' id='word_1_256' title='bbox 608 4016 837 4105; x_wconf 88' lang='lat' dir='ltr'>requirebantur</span> <span class='ocrx_word' id='word_1_257' title='bbox 862 4021 966 4084; x_wconf 89' lang='lat' dir='ltr'>decem</span> <span class='ocrx_word' id='word_1_258' title='bbox 987 4019 1081 4083; x_wconf 92' lang='lat' dir='ltr'>millia</span> <span class='ocrx_word' id='word_1_259' title='bbox 1101 4019 1231 4095; x_wconf 80' lang='lat' dir='ltr'>civium3</span> 
     </span>
     <span class='ocr_line' id='line_1_33' title="bbox 142 4131 1237 4217; baseline 0.005 -20"><span class='ocrx_word' id='word_1_260' title='bbox 142 4131 284 4198; x_wconf 81' lang='lat' dir='ltr'>»Romae</span> <span class='ocrx_word' id='word_1_261' title='bbox 305 4152 446 4198; x_wconf 88' lang='lat' dir='ltr'>numems</span> <span class='ocrx_word' id='word_1_262' title='bbox 464 4132 681 4204; x_wconf 83' lang='lat' dir='ltr'>nondebnitns</span> <span class='ocrx_word' id='word_1_263' title='bbox 699 4142 780 4208; x_wconf 86' lang='lat' dir='ltr'>erat;</span> <span class='ocrx_word' id='word_1_264' title='bbox 803 4153 907 4205; x_wconf 87' lang='lat' dir='ltr'>verum</span> <span class='ocrx_word' id='word_1_265' title='bbox 925 4133 981 4198; x_wconf 91' lang='lat' dir='ltr'>boc</span> <span class='ocrx_word' id='word_1_266' title='bbox 1002 4133 1097 4217; x_wconf 89' lang='lat' dir='ltr'>ipsum</span> <span class='ocrx_word' id='word_1_267' title='bbox 1116 4154 1178 4201; x_wconf 90' lang='lat' dir='ltr'>uua</span> <span class='ocrx_word' id='word_1_268' title='bbox 1198 4157 1237 4203; x_wconf 82' lang='lat' dir='ltr'>ert</span> 
     </span>
    </p>
   </div>
   <div class='ocr_carea' id='block_1_5' title="bbox 143 4245 810 4460">
    <p class='ocr_par' dir='ltr' id='par_1_7' title="bbox 143 4245 810 4460">
     <span class='ocr_line' id='line_1_34' title="bbox 143 4245 674 4349; baseline 0.004 -38"><span class='ocrx_word' id='word_1_269' title='bbox 143 4249 268 4316; x_wconf 82' lang='lat' dir='ltr'>»causis</span> <span class='ocrx_word' id='word_1_270' title='bbox 284 4249 489 4349; x_wconf 77' lang='lat' dir='ltr'>illiusruinae</span> <span class='ocrx_word' id='word_1_271' title='bbox 506 4247 563 4314; x_wconf 87' lang='lat' dir='ltr'>luit</span> <span class='ocrx_word' id='word_1_272' title='bbox 576 4274 591 4313; x_wconf 85' lang='lat' dir='ltr'>u</span> <span class='ocrx_word' id='word_1_273' title='bbox 613 4245 674 4335; x_wconf 75' lang='lat' dir='ltr'>(ll.</span> 
     </span>
     <span class='ocr_line' id='line_1_35' title="bbox 161 4389 810 4460; baseline 0.002 -18"><span class='ocrx_word' id='word_1_274' title='bbox 161 4392 200 4455; x_wconf 88' lang='lat' dir='ltr'>(l)</span> <span class='ocrx_word' id='word_1_275' title='bbox 218 4389 309 4458; x_wconf 76' lang='lat' dir='ltr'>Esprr&#39;t</span> <span class='ocrx_word' id='word_1_276' title='bbox 324 4391 367 4443; x_wconf 83' lang='lat' dir='ltr'>der</span> <span class='ocrx_word' id='word_1_277' title='bbox 382 4392 429 4443; x_wconf 81' lang='lat' dir='ltr'>lcfr</span> <span class='ocrx_word' id='word_1_278' title='bbox 444 4390 478 4444; x_wconf 89' lang='lat'>11.</span> <span class='ocrx_word' id='word_1_279' title='bbox 495 4392 520 4446; x_wconf 83' lang='lat'>2.</span> <span class='ocrx_word' id='word_1_280' title='bbox 536 4391 596 4444; x_wconf 87' lang='lat' dir='ltr'>mibi</span> <span class='ocrx_word' id='word_1_281' title='bbox 612 4408 670 4460; x_wconf 79' lang='lat' dir='ltr'>pag.</span> <span class='ocrx_word' id='word_1_282' title='bbox 688 4391 729 4445; x_wconf 83' lang='grc'>77.</span> <span class='ocrx_word' id='word_1_283' title='bbox 809 4397 810 4400; x_wconf 77' lang='grc'>’</span> 
     </span>
    </p>
   </div>
   <div class='ocr_carea' id='block_1_6' title="bbox 0 0 1408 5324">
    <p class='ocr_par' dir='ltr' id='par_1_8' title="bbox 0 0 1408 5324">
     <span class='ocr_line' id='line_1_36' title="bbox 0 0 1408 5324; baseline 0 0"><span class='ocrx_word' id='word_1_284' title='bbox 0 0 1408 5324; x_wconf 95' lang='lat' dir='ltr'> </span> 
     </span>
    </p>
   </div>
  </div>
 </body>
</html>
