2806 5324
608 370 611 375 ’
662 367 742 451 1θὸ

138 552 244 621 modis
261 551 337 617 baec
355 551 464 619 iterum
477 553 524 620 lex
542 554 774 622 fundamentalis
794 554 1011 621 constitutionis
1029 554 1239 624 monarchicae

142 669 294 758 paulatim
310 667 444 754 perlecta
461 678 491 734 et
509 671 632 736 tandem
650 672 688 736 ad
706 671 910 736 maturitatem
925 668 1070 755 perducta
1085 668 1134 734 sit.

191 783 282 849 Initio
308 781 449 868 quidem,
476 805 544 849 cum
564 788 696 852 nondum
720 787 809 854 ualde
825 806 952 869 maguae
969 792 1067 849 essent
1088 783 1244 859 civitates,
1280 860 1281 870 χ

146 896 217 962 Rex
244 897 327 981 ipse,
343 897 600 986 quemadmodum
621 899 651 964 iu
670 900 795 965 caeteris
813 898 938 981 negotiis
957 896 1104 982 publicis,
1123 896 1161 961 de
1178 897 1245 982 qui·

146 1011 255 1078 busris
279 1009 397 1075 delictis
418 1010 477 1076 aud
505 1004 660 1079 conciones
688 1013 751 1079 sire
780 1013 917 1087 comitia,
944 1030 1021 1098 quae
1040 1018 1111 1076 tunc
1132 1008 1246 1097 piacita

150 1125 350 1200 dicebantur,
375 1125 491 1195 terebat
510 1124 569 1212 (l).
593 1126 791 1194 concionibus
811 1135 911 1191 autem
930 1124 989 1192 illis
1006 1124 1071 1187 Rex
1090 1134 1245 1208 praeerat,

150 1240 207 1325 qni
231 1248 261 1305 et
290 1238 518 1305 deliberationes
538 1240 766 1318 moderabatur,
789 1250 818 1306 ct
840 1260 977 1314 causam,
999 1237 1037 1301 de
1057 1257 1117 1322 qua
1147 1238 1248 1324 populi

148 1350 293 1435 suffragia
311 1362 409 1419 essem
427 1355 579 1438 roganda,
599 1356 774 1429 ordinabat,
794 1352 1056 1440 danaumquesive
1069 1352 1248 1418 senteutiam

149 1444 327 1544 sanciebat,
348 1489 384 1532 ac
404 1471 623 1554 promulgatam
639 1469 856 1554 exequebatur.

153 1630 157 1635 -
196 1584 234 1648 Iu
266 1582 365 1648 causis
393 1603 465 1679 uero
488 1584 626 1650 civilibus
647 1585 753 1649 eodem
777 1584 865 1649 modo
884 1580 933 1660 jus
952 1574 1118 1645 dicebatur.
1141 1579 1249 1665 Neque

136 1696 281 1779 mirum:
308 1711 372 1763 'uon
399 1699 497 1773 enim,
516 1699 562 1764 uti
580 1697 690 1773 hodic,
711 1719 815 1763 carum
835 1697 945 1763 decisio
964 1696 1149 1781 privatorum
1168 1716 1249 1760 com·

150 1811 278 1882 modum
304 1815 489 1898 potissimum
515 1813 661 1898 respicere
692 1813 868 1885 videbatur,
894 1813 946 1877 sed
973 1812 1085 1877 directe
1102 1812 1193 1876 etiam
1210 1811 1250 1875 ad

152 1917 268 1994 bouum
296 1928 448 2014 publicum
473 1929 651 2014 pertinebat.
680 1928 829 1995 Nimirum
856 1926 908 1993 ubi
928 1928 1005 1993 iuter
1030 1925 1143 1993 ricinos
1158 1927 1197 1994 de
1216 1947 1251 1993 re
1285 1931 1292 1953 ⁸

153 2042 289 2128 quadam
306 2044 342 2109 lis
360 2053 427 2129 orta
442 2053 536 2119 esset,
561 2044 637 2111 alter
656 2063 719 2108 rem
736 2042 767 2109 vi
785 2042 924 2118 auterre,
946 2043 1022 2108 alter
1040 2046 1251 2129 possessiouem

152 2157 186 2226 vi
203 2179 323 2244 quoque
343 2158 420 2223 tueri
440 2156 616 2222 conabatur.
635 2155 742 2242 ltaque
758 2157 814 2221 nisi
825 2157 931 2225 civitas
942 2158 980 2223 ad
994 2159 1158 2225 coercenda
1167 2160 1251 2239 ejus·

151 2272 239 2339 modi
266 2273 378 2358 proelia
403 2271 629 2347 intervenisset,
658 2271 810 2357 quaelibet
837 2271 873 2337 lis
901 2271 938 2336 de
968 2271 1098 2351 dominio
1124 2282 1178 2339 aut
1193 2254 1261 2339 alin*

152 2406 336 2474 quocunque
354 2385 420 2466 jure
441 2385 652 2473 tranquillitati
668 2387 823 2473 publicae,
843 2410 902 2453 nou
922 2389 1020 2453 miuus
1038 2404 1140 2473 ‘quam
1167 2394 1252 2455 atro·

153 2502 321 2567 cissimum.
336 2497 466 2578 crimen,
494 2502 659 2587 periculum
677 2502 800 2569 fecissit.
819 2499 947 2566 Accedit
965 2502 1065 2588 quod,
1086 2502 1253 2570 delicianti-

153 2618 215 2685 bus
233 2617 333 2683 adbuc
351 2616 468 2698 legibus
486 2617 619 2702 scriptis,
638 2637 697 2681 uon
714 2617 844 2682 ulsitota
856 2616 1009 2681 eivitasdc
1020 2616 1143 2700 singulis
1155 2619 1253 2685 causis

154 2731 293 2813 iudicare
313 2740 451 2817 poterat,
469 2730 578 2816 quippe
600 2732 756 2817 quaerela
775 2732 967 2814 antiquarum
984 2731 1255 2808 consuetudinum

153 2847 322 2912 secuudum
341 2866 416 2932 quas
434 2843 581 2911 sententia
602 2845 726 2911 terenda
743 2854 840 2918 esset,
858 2845 1034 2910 memoriam
1051 2846 1203 2912 servabat.
1242 2904 1245 2909 ,
1290 2862 1295 2873 ’

161 3016 164 3021 ,
199 2960 363 3046 Hucusque
385 2959 477 3043 igitur
501 2958 647 3039 iustitiam
666 2959 698 3025 in
716 2960 833 3042 maguis
846 2960 954 3045 ,populi
977 2959 1169 3028 concionibus
1189 2963 1255 3033 sire

155 3074 276 3162 placitis
293 3075 495 3140 administrari
515 3074 656 3140 vidimus.
686 3072 756 3143 Mox
773 3083 891 3147 tamen,
912 3076 1099 3162 amplificatis
1120 3080 1164 3144 'ad
1193 3081 1252 3146 ali·

155 3209 248 3277 qnem
284 3189 407 3255 modum
438 3188 631 3262 civitatibus,
662 3208 755 3275 quum
783 3187 919 3256 homiues
954 3193 1096 3258 remotius
1124 3192 1266 3260 circnma

156 3315 382 3392 spargerentur,
399 3315 496 3393 ,atque
522 3304 593 3370 binc
619 3304 702 3369 locus
728 3303 916 3370 comitiorum
945 3306 1061 3389 lougius
1090 3306 1129 3372 ab
1152 3327 1255 3374 eorum

155 3418 572 3506 domicilin.abesset,.simul
589 3438 661 3484 vero
681 3399 834 3483 molestiae
861 3428 1034 3505 sumtusquc
1060 3422 1098 3486 ad
1127 3422 1184 3487 iter
1204 3422 1258 3489 ta·-

155 3535 297 3601 cicndum
308 3544 514 3618 augmentur,
540 3532 695 3601 conciones
725 3532 795 3598 illac
808 3579 810 3585 -
825 3531 922 3597 minus
934 3591 938 3601 .
951 3533 1121 3620 trequentes
1133 3536 1254 3604 baberi

155 3660 332 3736 coeperunt,
353 3649 470 3715 Debinc
487 3668 548 3715 nou
568 3645 694 3732 amplius
712 3667 813 3713 omnes
832 3647 919 3725 lites,
946 3670 1073 3737 quarum
1098 3674 1254 3729 uumerus,

154 3765 255 3841 auctis
276 3764 467 3843 hominibus,
490 3763 613 3851 perinde
634 3762 844 3835 increbuerat,
867 3762 905 3828 ad
922 3767 1022 3851 populi
1041 3768 1163 3851 comitia
1183 3767 1256 3833 lerri

103 3906 106 3911 ·
152 3887 328 3967 potueruut.
352 3879 555 3959 Quamobrem
579 3898 656 3946 nova
680 3877 754 3957 juris
771 3859 918 3942 reddendi
936 3877 1032 3944 torma
1060 3880 1177 3945 institui
1202 3899 1255 3944 ue·

153 3994 285 4062 cessario
302 3993 422 4069 debuit,
441 4013 624 4080 quaucmpe
640 4012 749 4057 causae
764 3992 933 4061 criminales
950 4003 981 4058 ct
999 3994 1102 4059 civiles
1118 3992 1251 4070 sadduc,
1372 4002 1378 4012 ‘

151 4118 244 4200 prout
265 4108 458 4186 obserurcut,
481 4106 657 4195 pertractari
676 4115 803 4191 possent.
824 4108 912 4172 Tunc
936 4109 1088 4175 constituti
1104 4116 1172 4173 suut
1189 4128 1254 4174 ma·

151 4228 315 4312 gistratus‚
333 4245 459 4313 quornm
476 4245 584 4297 munus
602 4232 632 4288 et
650 4222 794 4289 militares
812 4230 843 4288 et
863 4222 966 4316 civiles
984 4223 1272 4323 iunctinuesjcomss

178 4362 398 4434 (summan,
417 4322 609 4433 necdum.
628 4318 810 4416 numus.
830 4355 935 4441 usto.
1204 4338 1207 4344 “
