2806 5324
579 408 660 484 tut

59 589 346 664 ex'istisnarnntc'id
372 593 451 684 quod
480 598 584 663 addita
611 599 746 664 clancula
779 619 842 666 scs
857 577 999 666 mundun
1016 608 1044 666 et
1060 610 1154 687 prue-

58 719 144 800 cepto
162 709 258 798 Regis
280 709 394 798 pturies
412 709 563 787 iterato»,
583 722 635 778 aut
654 714 714 778 alia
731 713 822 779 simili
838 716 910 779 satis
926 714 1150 798 significabant,

12 880 18 891 .
57 836 90 892 et
115 826 196 912 qnod
224 826 366 910 expressis
389 846 505 912 quoqu
531 827 629 892 verbis
653 827 824 892 declaratur
840 829 870 893 in
888 829 1007 893 decreto
1024 831 1154 916 quodam

12 972 14 1033 ι
57 940 245 1005 Parlamenti
265 938 440 1005 Parisiensis
457 941 526 1004 anni
538 936 646 1005 ttst:
666 962 729 1005 sea
746 961 822 1027 quae
835 927 1154 1026 posthabitissnunmae

12 1102 15 1109 -
42 1058 199 1124 'scuriae
223 1056 405 1131 rationibus,
433 1054 570 1140 Pu'ncipe
590 1056 698 1121 iterum
716 1058 871 1122 etiterum
890 1056 1033 1148 jubente,
1054 1058 1152 1141 palam

61 1170 256 1236 »recitantur
285 1180 375 1256 atque
399 1170 429 1234 in
457 1177 524 1233 acta
545 1150 665 1254 publiea
685 1181 880 1253 regeruntur.
912 1192 967 1256 per
990 1168 1048 1236 uim
1063 1177 1154 1258 utque

62 1282 310 1370 »oppressionem
334 1281 459 1348 recitato
490 1261 666 1373 iegcstuque
684 1282 851 1349 existimari
860 1312 876 1349 u
891 1283 950 1369 (l).
974 1284 1011 1348 Et
1030 1285 1067 1348 de
1086 1303 1153 1349 ver·

61 1398 110 1464 bis
127 1398 215 1464 istis«
226 1421 263 1462 ex
281 1395 416 1462 iteratim
426 1404 456 1462 et
470 1420 608 1489 cupresso
626 1406 782 1486 praecepto
799 1397 924 1487 Regis»
940 1405 1023 1484 num
1042 1417 1152 1462 nonus:

14 1540 16 1547 ·
59 1533 77 1570 e
91 1533 141 1578 ces
162 1501 343 1596 expressions
367 1520 419 1577 ont
444 1500 512 1578 teile
533 1514 748 1600 consequence,
766 1535 824 1601 que
843 1515 897 1576 teis
922 1509 997 1577 ictio
1021 1534 1059 1576 ne
1087 1498 1154 1574 sont

63 1625 202 1716 »gurdis
227 1651 266 1692 ou
295 1625 403 1692 bientdt
424 1625 514 1715 apris
541 1626 697 1703 nubtiis»,
727 1627 803 1714 quod
835 1637 869 1691 nt
894 1627 1045 1693 confirmet
1067 1629 1155 1714 plura
1235 1631 1237 1635 '

60 1740 161 1805 edicta
182 1729 300 1823 Regum
329 1729 418 1818 citat',
440 1762 517 1828 quae
536 1752 588 1807 ant
607 1725 720 1808 nullutn
740 1751 792 1807 aut
811 1742 933 1808 brevem
950 1751 1068 1808 tantum
1086 1764 1155 1808 exc·
1227 1828 1232 1840 .

59 1850 211 1922 cntionem
236 1854 425 1945 habuerunt,
454 1846 608 1942 propterea
634 1857 713 1942 quod
742 1876 845 1924 eornm
879 1857 1001 1924 insertio
1028 1858 1060 1923 in
1086 1867 1154 1923 acta

63 1967 323 2035 Partancntounnu
341 1991 400 2035 nun
418 1966 522 2036 inisset
538 1972 634 2038 libera
653 1964 712 2059 (2).Ι

68 2091 71 2096 ⁴
107 2085 217 2165 Quoad
243 2084 417 2149 insertiones
442 2084 474 2149 iu
501 2085 694 2150 concionibus
717 2083 767 2149 tin
794 2084 831 2150 de
860 2083 968 2172 justice
988 2078 1156 2166 ‘a'Regibns

61 2208 202 2276 exactas,
223 2197 295 2263 clim
312 2197 432 2286 quidem
449 2199 553 2263 concio
570 2199 622 2264 ttta
640 2199 779 2265 solenmis
795 2208 860 2264 erat
875 2220 1029 2265 consessus
1038 2199 1155 2283 Regum

63 2298 96 2380 in
124 2314 333 2386 Paciamentn.
360 2322 394 2378 ut
421 2300 650 2408 deliberationes
670 2313 708 2378 de
727 2314 842 2397 legibus
857 2316 919 2381 suis
937 2315 991 2401 ipsi
1008 2294 1157 2380 ¹audirent.

63 2419 184 2494 Postea
204 2450 275 2495 vcro
301 2447 392 2513 saepe
415 2425 514 2509 Reges
539 2427 570 2492 in
597 2425 824 2495 Portamentunn
851 2439 1013 2507 venetum,
1033 2439 1066 2495 at
1084 2429 1159 2495 iliud

57 2546 194 2612 invitum
212 2530 292 2626 leges
309 2542 438 2607 insesere
455 2550 605 2624 cogerent.

108 2658 221 2725 Verum
239 2665 355 2722 constat
375 2657 456 2739 teges
473 2656 605 2723 eomodo
617 2677 634 2720 a
646 2649 837 2724 P‘ariannentn
847 2658 990 2733 insertas,
1005 2661 1159 2744 ιἰιιιιιιιιιιι

63 2796 119 2861 pro
136 2773 223 2854 justis
238 2772 353 2854 legibus
372 2780 509 2857 acceptas
524 2771 624 2838 tuisse.
647 2771 736 2836 Unde
751 2763 1008 2837 nunovucnthli
1017 2775 1048 2838 iu
1060 2775 1158 2838 edicto

64 2889 139 2954 anni
167 2887 245 2953 1641
275 2887 424 2973 queritur,
453 2907 541 2973 «qne
569 2888 598 2952 te
620 2886 791 2952 Partement
813 2877 897 2950 avait
911 2894 1039 2951 souvent
1056 2887 1159 2952 cereis

60 2999 268 3108 ›sdeximstion
292 2987 345 3066 des
374 3001 451 3067 edite
474 3010 504 3066 et
530 3001 728 3072 declaratione
746 2999 878 3113 uecifiees
895 3020 932 3064 en
949 3021 984 3066 sa
1000 2994 1160 3086 presence

59 3120 126 3186 »et
142 3121 229 3182 stant
245 3136 282 3179 eu
300 3136 354 3179 son
370 3115 405 3180 lit
426 3100 473 3180 de
483 3115 628 3227 justice».

110 3230 228 3296 Deinde
254 3228 384 3294 maxime
404 3229 569 3293 notandum
596 3237 660 3306 est,
688 3247 726 3293 en
741 3227 830 3293 modo
849 3228 1019 3314 saepissime
1037 3229 1159 3314 quiden

63 3345 177 3410 ineerta
207 3342 298 3408 tuisse
325 3326 424 3408 edicta
442 3343 480 3407 de
496 3341 616 3407 tributis
635 3338 724 3419 (ddits
746 3336 906 3429 humes),
930 3341 962 3407 in
981 3341 1092 3427 qoibns
1107 3365 1158 3410 ns·

59 3446 139 3542 'gens
162 3457 321 3522 necessitas
345 3457 491 3522 rationem
505 3445 564 3522 ”ita
593 3452 702 3539 agendi
725 3454 802 3520 torte
817 3457 992 3541 praeterat
1011 3450 1160 3528 insidiate
1240 3534 1245 3547 ,

58 3592 139 3641 veno
155 3556 215 3636 alia
235 3571 334 3636 edicta
351 3571 398 3636 ad
409 3571 561 3657 publicant
569 3569 700 3636 esvstatns
709 3570 996 3639 administrationem
1006 3577 1158 3661 pertinen·

64 3686 120 3753 tia.
136 3685 296 3765 andjann
315 3706 393 3752 anno
409 3685 507 3752 1645
498 3705 562 3770 spuo
577 3683 758 3749 Pactements
766 3706 902 3770 praeses
921 3688 1036 3774 Regem
1044 3693 1158 3758 allocu-

56 3806 132 3880 ‘tus
150 3802 339 3872 observatis.
349 3799 450 3865 «Bion
463 3819 522 3887 que
535 3787 640 3884 depuis
655 3799 799 3884 qnetqoes
817 3805 948 3878 candes,
969 3805 1055 3870 c'esn
1058 3809 1090 3870 ι·
1092 3807 1156 3872 dire

65 3919 156 3986 »80
168 3903 222 3984 ans
251 3914 435 3992 sentement,
470 3914 514 3978 tes
539 3904 613 3977 Rois
643 3913 739 3977 soient
769 3933 864 3981 venun
893 3918 1086 4002 qnetqaefois
1117 3941 1158 3986 au

53 4059 83 4099 -ιι
94 4018 776 4113 Padencntianetegntsccdcsddutsenleuc
787 4024 1158 4114 proconsulatum

65 4146 247 4249 »deliberet
276 4167 333 4271 par
359 4146 404 4210 les
427 4140 589 4225 codrogos,
618 4148 647 4205 et
630 4161 724 4334 quc
738 4142 783 4207 tes·
799 4139 876 4213 editu
892 4143 1012 4280 sdridds
1024 4147 1062 4215 ds
1079 4157 1158 4215 cette

95 4278 345 4355 mononem
336 4272 610 4343 uuv.own.

30 4381 480 4479 .(ι)ιιιιιιιιριιιιιιι,ιιι.
459 4284 923 4447 ιιιιιιιοιιι.ιιιιιιιιιιι
1018 4389 1022 4396 ·
