<?xml version="1.0" encoding="UTF-8"?>
<!DOCTYPE html PUBLIC "-//W3C//DTD XHTML 1.0 Transitional//EN"
    "http://www.w3.org/TR/xhtml1/DTD/xhtml1-transitional.dtd">
<html xmlns="http://www.w3.org/1999/xhtml" xml:lang="en" lang="en">
 <head>
  <title>
</title>
<meta http-equiv="Content-Type" content="text/html;charset=utf-8" />
  <meta name='ocr-system' content='tesseract 3.04.00' />
  <meta name='ocr-capabilities' content='ocr_page ocr_carea ocr_par ocr_line ocrx_word'/>
</head>
<body>
  <div class='ocr_page' id='page_1' title='image "./disquisitiophil00borrgoog_0058.png"; bbox 0 0 2806 5324; ppageno 0'>
   <div class='ocr_carea' id='block_1_1' title="bbox 101 397 1381 3739">
    <p class='ocr_par' dir='ltr' id='par_1_1' title="bbox 678 397 730 473">
     <span class='ocr_line' id='line_1_1' title="bbox 678 397 730 473; baseline 0.058 -3"><span class='ocrx_word' id='word_1_1' title='bbox 678 397 730 473; x_wconf 73' lang='grc'><strong>45</strong></span> 
     </span>
    </p>

    <p class='ocr_par' dir='ltr' id='par_1_2' title="bbox 144 556 1332 1578">
     <span class='ocr_line' id='line_1_2' title="bbox 144 556 1244 669; baseline -0.001 -23"><span class='ocrx_word' id='word_1_2' title='bbox 144 578 328 648; x_wconf 70' lang='lat' dir='ltr'><strong>mmaretur.</strong></span> <span class='ocrx_word' id='word_1_3' title='bbox 353 583 433 648; x_wconf 91' lang='lat' dir='ltr'><strong>lnter</strong></span> <span class='ocrx_word' id='word_1_4' title='bbox 454 581 508 647; x_wconf 92' lang='lat' dir='ltr'><strong>bos</strong></span> <span class='ocrx_word' id='word_1_5' title='bbox 529 604 601 649; x_wconf 85' lang='lat' dir='ltr'><strong>vero</strong></span> <span class='ocrx_word' id='word_1_6' title='bbox 623 584 761 669; x_wconf 89' lang='lat' dir='ltr'><strong>permulti</strong></span> <span class='ocrx_word' id='word_1_7' title='bbox 783 556 1002 667; x_wconf 82' lang='lat' dir='ltr'><strong>procuratorem</strong></span> <span class='ocrx_word' id='word_1_8' title='bbox 1017 581 1081 649; x_wconf 87' lang='lat' dir='ltr'><strong>sive</strong></span> <span class='ocrx_word' id='word_1_9' title='bbox 1101 581 1244 648; x_wconf 86' lang='lat' dir='ltr'><strong>vicarium</strong></span> 
     </span>
     <span class='ocr_line' id='line_1_3' title="bbox 145 682 1332 788; baseline -0.002 -28"><span class='ocrx_word' id='word_1_10' title='bbox 145 697 283 788; x_wconf 81' lang='lat' dir='ltr'><strong>(regent)</strong></span> <span class='ocrx_word' id='word_1_11' title='bbox 315 695 452 762; x_wconf 89' lang='lat' dir='ltr'><strong>constitui</strong></span> <span class='ocrx_word' id='word_1_12' title='bbox 482 698 658 770; x_wconf 65' lang='lat' dir='ltr'><strong>volumnum</strong></span> <span class='ocrx_word' id='word_1_13' title='bbox 681 719 736 762; x_wconf 89' lang='lat' dir='ltr'><strong>nec</strong></span> <span class='ocrx_word' id='word_1_14' title='bbox 760 718 818 761; x_wconf 89' lang='lat' dir='ltr'><strong>nou</strong></span> <span class='ocrx_word' id='word_1_15' title='bbox 841 695 892 760; x_wconf 91' lang='lat' dir='ltr'><strong>alii</strong></span> <span class='ocrx_word' id='word_1_16' title='bbox 915 717 967 781; x_wconf 86' lang='lat' dir='ltr'><strong>pro</strong></span> <span class='ocrx_word' id='word_1_17' title='bbox 989 716 1078 760; x_wconf 87' lang='lat' dir='ltr'><strong>uxore</strong></span> <span class='ocrx_word' id='word_1_18' title='bbox 1101 695 1245 778; x_wconf 86' lang='lat' dir='ltr'><strong>Principis</strong></span> <span class='ocrx_word' id='word_1_19' title='bbox 1329 682 1332 691; x_wconf 49' lang='lat'><strong>¹</strong></span> 
     </span>
     <span class='ocr_line' id='line_1_4' title="bbox 145 809 1244 895; baseline -0.003 -19"><span class='ocrx_word' id='word_1_20' title='bbox 145 834 331 884; x_wconf 75' lang='lat' dir='ltr'><strong>anrusmcr,</strong></span> <span class='ocrx_word' id='word_1_21' title='bbox 360 833 466 875; x_wconf 79' lang='lat' dir='ltr'><strong>srcom</strong></span> <span class='ocrx_word' id='word_1_22' title='bbox 494 810 572 884; x_wconf 83' lang='lat' dir='ltr'><strong>lilia,</strong></span> <span class='ocrx_word' id='word_1_23' title='bbox 601 831 692 893; x_wconf 77' lang='lat' dir='ltr'><strong>regno</strong></span> <span class='ocrx_word' id='word_1_24' title='bbox 713 809 909 895; x_wconf 79' lang='lat' dir='ltr'><strong>praeficienda</strong></span> <span class='ocrx_word' id='word_1_25' title='bbox 932 810 1109 874; x_wconf 84' lang='lat' dir='ltr'><strong>senteutiam</strong></span> <span class='ocrx_word' id='word_1_26' title='bbox 1131 829 1244 873; x_wconf 89' lang='lat' dir='ltr'><strong>renun-</strong></span> 
     </span>
     <span class='ocr_line' id='line_1_5' title="bbox 145 901 1255 1010; baseline -0.005 -22"><span class='ocrx_word' id='word_1_27' title='bbox 145 901 278 988; x_wconf 40' lang='lat' dir='ltr'><strong>ciarunt&#39;.</strong></span> <span class='ocrx_word' id='word_1_28' title='bbox 307 923 444 988; x_wconf 83' lang='lat' dir='ltr'><strong>Tandem</strong></span> <span class='ocrx_word' id='word_1_29' title='bbox 472 923 501 987; x_wconf 91' lang='lat' dir='ltr'><strong>in</strong></span> <span class='ocrx_word' id='word_1_30' title='bbox 530 923 722 988; x_wconf 87' lang='lat' dir='ltr'><strong>celeberrimo</strong></span> <span class='ocrx_word' id='word_1_31' title='bbox 746 923 796 987; x_wconf 93' lang='lat' dir='ltr'><strong>illo</strong></span> <span class='ocrx_word' id='word_1_32' title='bbox 816 941 973 1010; x_wconf 82' lang='lat' dir='ltr'><strong>consessu,</strong></span> <span class='ocrx_word' id='word_1_33' title='bbox 995 923 1024 986; x_wconf 93' lang='lat' dir='ltr'><strong>in</strong></span> <span class='ocrx_word' id='word_1_34' title='bbox 1048 942 1107 1006; x_wconf 91' lang='lat' dir='ltr'><strong>quo</strong></span> <span class='ocrx_word' id='word_1_35' title='bbox 1132 916 1255 985; x_wconf 79' lang='lat' dir='ltr'><strong>deliba-⁸</strong></span> 
     </span>
     <span class='ocr_line' id='line_1_6' title="bbox 145 1035 1247 1120; baseline -0.004 -18"><span class='ocrx_word' id='word_1_36' title='bbox 145 1039 280 1102; x_wconf 86' lang='lat' dir='ltr'><strong>rationes</strong></span> <span class='ocrx_word' id='word_1_37' title='bbox 310 1039 348 1101; x_wconf 89' lang='lat' dir='ltr'><strong>ad</strong></span> <span class='ocrx_word' id='word_1_38' title='bbox 377 1037 507 1101; x_wconf 90' lang='lat' dir='ltr'><strong>mediam</strong></span> <span class='ocrx_word' id='word_1_39' title='bbox 538 1047 654 1101; x_wconf 87' lang='lat' dir='ltr'><strong>noctem</strong></span> <span class='ocrx_word' id='word_1_40' title='bbox 681 1036 844 1120; x_wconf 87' lang='lat' dir='ltr'><strong>productae</strong></span> <span class='ocrx_word' id='word_1_41' title='bbox 872 1035 1012 1112; x_wconf 84' lang='lat' dir='ltr'><strong>luerunt,</strong></span> <span class='ocrx_word' id='word_1_42' title='bbox 1036 1035 1108 1100; x_wconf 88' lang='lat' dir='ltr'><strong>bina</strong></span> <span class='ocrx_word' id='word_1_43' title='bbox 1129 1039 1247 1098; x_wconf 79' lang='lat' dir='ltr'><strong>tantum</strong></span> 
     </span>
     <span class='ocr_line' id='line_1_7' title="bbox 145 1143 1246 1233; baseline -0.005 -17"><span class='ocrx_word' id='word_1_44' title='bbox 145 1150 292 1233; x_wconf 85' lang='lat' dir='ltr'><strong>suffragia</strong></span> <span class='ocrx_word' id='word_1_45' title='bbox 309 1149 486 1224; x_wconf 85' lang='lat' dir='ltr'><strong>effecerunt,</strong></span> <span class='ocrx_word' id='word_1_46' title='bbox 508 1159 542 1215; x_wconf 90' lang='lat' dir='ltr'><strong>ut</strong></span> <span class='ocrx_word' id='word_1_47' title='bbox 558 1159 738 1215; x_wconf 72' lang='lat' dir='ltr'>statueretur</span> <span class='ocrx_word' id='word_1_48' title='bbox 753 1168 876 1231; x_wconf 77' lang='lat' dir='ltr'><strong>regnum</strong></span> <span class='ocrx_word' id='word_1_49' title='bbox 893 1168 911 1211; x_wconf 98' lang='lat' dir='ltr'><strong>a</strong></span> <span class='ocrx_word' id='word_1_50' title='bbox 927 1169 996 1232; x_wconf 83' lang='lat' dir='ltr'><strong>rege</strong></span> <span class='ocrx_word' id='word_1_51' title='bbox 1019 1170 1078 1213; x_wconf 89' lang='lat' dir='ltr'><strong>nou</strong></span> <span class='ocrx_word' id='word_1_52' title='bbox 1101 1143 1246 1213; x_wconf 52' lang='lat' dir='ltr'><strong>a&#39;vieario</strong></span> 
     </span>
     <span class='ocr_line' id='line_1_8' title="bbox 145 1261 1243 1352; baseline -0.005 -22"><span class='ocrx_word' id='word_1_53' title='bbox 145 1266 378 1352; x_wconf 81' lang='lat' dir='ltr'><strong>gubernandum</strong></span> <span class='ocrx_word' id='word_1_54' title='bbox 400 1286 465 1329; x_wconf 88' lang='lat' dir='ltr'><strong>esse</strong></span> <span class='ocrx_word' id='word_1_55' title='bbox 485 1263 549 1350; x_wconf 88' lang='grc'>(1);</span> <span class='ocrx_word' id='word_1_56' title='bbox 574 1274 622 1338; x_wconf 80' lang='lat' dir='ltr'><strong>et,</strong></span> <span class='ocrx_word' id='word_1_57' title='bbox 647 1264 726 1349; x_wconf 77' lang='lat' dir='ltr'><strong>quod</strong></span> <span class='ocrx_word' id='word_1_58' title='bbox 756 1263 939 1334; x_wconf 81' lang='lat' dir='ltr'><strong>notandum,</strong></span> <span class='ocrx_word' id='word_1_59' title='bbox 960 1261 1102 1344; x_wconf 80' lang='lat' dir='ltr'><strong>suffragia</strong></span> <span class='ocrx_word' id='word_1_60' title='bbox 1124 1281 1243 1335; x_wconf 80' lang='lat' dir='ltr'><strong>eorum,</strong></span> 
     </span>
     <span class='ocr_line' id='line_1_9' title="bbox 147 1375 1248 1463; baseline -0.004 -21"><span class='ocrx_word' id='word_1_61' title='bbox 147 1378 202 1463; x_wconf 88' lang='lat' dir='ltr'><strong>qui</strong></span> <span class='ocrx_word' id='word_1_62' title='bbox 236 1399 254 1442; x_wconf 93' lang='lat' dir='ltr'><strong>a</strong></span> <span class='ocrx_word' id='word_1_63' title='bbox 281 1400 372 1445; x_wconf 88' lang='lat' dir='ltr'><strong>eausa</strong></span> <span class='ocrx_word' id='word_1_64' title='bbox 399 1403 505 1445; x_wconf 79' lang='lat' dir='ltr'><strong>srcom</strong></span> <span class='ocrx_word' id='word_1_65' title='bbox 536 1378 678 1454; x_wconf 85' lang='lat' dir='ltr'><strong>stabant,</strong></span> <span class='ocrx_word' id='word_1_66' title='bbox 710 1377 812 1462; x_wconf 83' lang='lat' dir='ltr'><strong>procul</strong></span> <span class='ocrx_word' id='word_1_67' title='bbox 844 1375 936 1440; x_wconf 87' lang='lat' dir='ltr'><strong>dubio</strong></span> <span class='ocrx_word' id='word_1_68' title='bbox 967 1377 1126 1449; x_wconf 81' lang='lat' dir='ltr'><strong>vicissent,</strong></span> <span class='ocrx_word' id='word_1_69' title='bbox 1158 1375 1248 1438; x_wconf 83' lang='lat' dir='ltr'><strong>morlo</strong></span> 
     </span>
     <span class='ocr_line' id='line_1_10' title="bbox 148 1490 1247 1578; baseline -0.001 -22"><span class='ocrx_word' id='word_1_70' title='bbox 148 1492 287 1556; x_wconf 78' lang='lat' dir='ltr'><strong>nonnulli</strong></span> <span class='ocrx_word' id='word_1_71' title='bbox 308 1506 362 1575; x_wconf 80' lang='lat' dir='ltr'><strong>(sc.</strong></span> <span class='ocrx_word' id='word_1_72' title='bbox 390 1495 551 1578; x_wconf 85' lang='lat' dir='ltr'><strong>quatuor),</strong></span> <span class='ocrx_word' id='word_1_73' title='bbox 579 1492 630 1576; x_wconf 88' lang='lat' dir='ltr'><strong>qui</strong></span> <span class='ocrx_word' id='word_1_74' title='bbox 656 1513 715 1557; x_wconf 90' lang='lat' dir='ltr'><strong>non</strong></span> <span class='ocrx_word' id='word_1_75' title='bbox 743 1499 887 1557; x_wconf 87' lang='lat' dir='ltr'><strong>venerant</strong></span> <span class='ocrx_word' id='word_1_76' title='bbox 904 1499 1057 1575; x_wconf 86' lang='lat' dir='ltr'><strong>propterea</strong></span> <span class='ocrx_word' id='word_1_77' title='bbox 1077 1490 1156 1573; x_wconf 89' lang='lat' dir='ltr'><strong>quod</strong></span> <span class='ocrx_word' id='word_1_78' title='bbox 1175 1510 1247 1555; x_wconf 85' lang='lat' dir='ltr'><strong>son·</strong></span> 
     </span>
    </p>

    <p class='ocr_par' dir='ltr' id='par_1_3' title="bbox 119 1603 1400 2599">
     <span class='ocr_line' id='line_1_11' title="bbox 119 1603 1248 1688; baseline 0.001 -20"><span class='ocrx_word' id='word_1_79' title='bbox 119 1646 125 1657; x_wconf 87' lang='lat'><strong>·</strong></span> <span class='ocrx_word' id='word_1_80' title='bbox 147 1603 269 1669; x_wconf 79' lang='lat' dir='ltr'><strong>sionem</strong></span> <span class='ocrx_word' id='word_1_81' title='bbox 290 1605 476 1688; x_wconf 79' lang='lat' dir='ltr'>illegitimam</span> <span class='ocrx_word' id='word_1_82' title='bbox 500 1604 742 1678; x_wconf 76' lang='lat' dir='ltr'><strong>arbitrabantur,</strong></span> <span class='ocrx_word' id='word_1_83' title='bbox 761 1612 863 1688; x_wconf 83' lang='lat' dir='ltr'><strong>utpote</strong></span> <span class='ocrx_word' id='word_1_84' title='bbox 884 1623 902 1667; x_wconf 90' lang='lat' dir='ltr'><strong>a</strong></span> <span class='ocrx_word' id='word_1_85' title='bbox 924 1625 1037 1669; x_wconf 73' lang='lat' dir='ltr'><strong>secono</strong></span> <span class='ocrx_word' id='word_1_86' title='bbox 1058 1624 1117 1667; x_wconf 94' lang='lat' dir='ltr'><strong>non</strong></span> <span class='ocrx_word' id='word_1_87' title='bbox 1139 1624 1248 1669; x_wconf 77' lang='lat' dir='ltr'><strong>conve</strong></span> 
     </span>
     <span class='ocr_line' id='line_1_12' title="bbox 149 1696 1245 1801; baseline 0.001 -21"><span class='ocrx_word' id='word_1_88' title='bbox 149 1716 567 1791; x_wconf 85' lang='lat' dir='ltr'><strong>eatam‚·deliberationibus</strong></span> <span class='ocrx_word' id='word_1_89' title='bbox 596 1696 808 1781; x_wconf 79' lang='lat' dir='ltr'><strong>interfuissent.</strong></span> <span class='ocrx_word' id='word_1_90' title='bbox 850 1714 898 1780; x_wconf 80' lang='lat' dir='ltr'><strong>nt</strong></span> <span class='ocrx_word' id='word_1_91' title='bbox 927 1718 1245 1801; x_wconf 68' lang='lat' dir='ltr'><strong>quaesissemus,</strong></span> 
     </span>
     <span class='ocr_line' id='line_1_13' title="bbox 148 1823 1325 1922; baseline 0 -26"><span class='ocrx_word' id='word_1_92' title='bbox 148 1855 226 1896; x_wconf 84' lang='lat' dir='ltr'><strong>num</strong></span> <span class='ocrx_word' id='word_1_93' title='bbox 248 1853 379 1897; x_wconf 80' lang='lat' dir='ltr'><strong>srcoeus</strong></span> <span class='ocrx_word' id='word_1_94' title='bbox 399 1855 430 1897; x_wconf 89' lang='lat' dir='ltr'><strong>se</strong></span> <span class='ocrx_word' id='word_1_95' title='bbox 452 1853 545 1922; x_wconf 82' lang='lat' dir='ltr'><strong>regno</strong></span> <span class='ocrx_word' id='word_1_96' title='bbox 566 1829 749 1907; x_wconf 77' lang='lat' dir='ltr'><strong>abdicasset,</strong></span> <span class='ocrx_word' id='word_1_97' title='bbox 772 1830 840 1895; x_wconf 83' lang='lat' dir='ltr'><strong>voci</strong></span> <span class='ocrx_word' id='word_1_98' title='bbox 862 1829 1033 1895; x_wconf 83' lang='lat' dir='ltr'><strong>«abdicare</strong></span> <span class='ocrx_word' id='word_1_99' title='bbox 1056 1828 1248 1919; x_wconf 54' lang='lat' dir='ltr'><strong>(abdieaieh</strong></span> <span class='ocrx_word' id='word_1_100' title='bbox 1317 1823 1325 1830; x_wconf 64' lang='grc'><strong>”</strong></span> 
     </span>
     <span class='ocr_line' id='line_1_14' title="bbox 148 1942 1248 2030; baseline 0 -21"><span class='ocrx_word' id='word_1_101' title='bbox 148 1944 315 2010; x_wconf 82' lang='lat' dir='ltr'><strong>substituta</strong></span> <span class='ocrx_word' id='word_1_102' title='bbox 337 1955 381 2010; x_wconf 86' lang='lat' dir='ltr'><strong>est</strong></span> <span class='ocrx_word' id='word_1_103' title='bbox 403 1967 463 2021; x_wconf 63' lang='lat' dir='ltr'><strong>,vox</strong></span> <span class='ocrx_word' id='word_1_104' title='bbox 491 1947 654 2009; x_wconf 83' lang='lat' dir='ltr'><strong>«deserere</strong></span> <span class='ocrx_word' id='word_1_105' title='bbox 678 1943 741 2008; x_wconf 89' lang='lat' dir='ltr'><strong>sive</strong></span> <span class='ocrx_word' id='word_1_106' title='bbox 769 1943 936 2026; x_wconf 88' lang='lat' dir='ltr'><strong>relinquere</strong></span> <span class='ocrx_word' id='word_1_107' title='bbox 962 1943 1165 2030; x_wconf 56' lang='lat' dir='ltr'><strong>(mondoum.</strong></span> <span class='ocrx_word' id='word_1_108' title='bbox 1198 1942 1248 2009; x_wconf 82' lang='lat' dir='ltr'><strong>At</strong></span> 
     </span>
     <span class='ocr_line' id='line_1_15' title="bbox 151 2052 1381 2144; baseline 0.003 -24"><span class='ocrx_word' id='word_1_109' title='bbox 151 2057 360 2141; x_wconf 88' lang='lat' dir='ltr'><strong>quaestionem</strong></span> <span class='ocrx_word' id='word_1_110' title='bbox 380 2060 509 2143; x_wconf 85' lang='lat' dir='ltr'><strong>deniqne</strong></span> <span class='ocrx_word' id='word_1_111' title='bbox 529 2059 638 2132; x_wconf 81' lang='lat' dir='ltr'><strong>aliam,</strong></span> <span class='ocrx_word' id='word_1_112' title='bbox 656 2081 727 2122; x_wconf 87' lang='lat' dir='ltr'><strong>nnm</strong></span> <span class='ocrx_word' id='word_1_113' title='bbox 750 2079 875 2144; x_wconf 80' lang='lat' dir='ltr'><strong>regnum</strong></span> <span class='ocrx_word' id='word_1_114' title='bbox 896 2063 1034 2132; x_wconf 74' lang='lat' dir='ltr'><strong>vacaret,</strong></span> <span class='ocrx_word' id='word_1_115' title='bbox 1048 2057 1196 2141; x_wconf 77' lang='lat' dir='ltr'><strong>suffragiis</strong></span> <span class='ocrx_word' id='word_1_116' title='bbox 1208 2059 1264 2134; x_wconf 73' lang='lat'><strong>55,</strong></span> <span class='ocrx_word' id='word_1_117' title='bbox 1377 2052 1381 2075; x_wconf 80' lang='lat'>²</span> 
     </span>
     <span class='ocr_line' id='line_1_16' title="bbox 151 2169 1249 2256; baseline 0.001 -21"><span class='ocrx_word' id='word_1_118' title='bbox 151 2181 258 2236; x_wconf 86' lang='lat' dir='ltr'><strong>contra</strong></span> <span class='ocrx_word' id='word_1_119' title='bbox 290 2173 329 2237; x_wconf 77' lang='lat'><strong>41</strong></span> <span class='ocrx_word' id='word_1_120' title='bbox 362 2173 501 2255; x_wconf 81' lang='lat' dir='ltr'><strong>negative</strong></span> <span class='ocrx_word' id='word_1_121' title='bbox 530 2192 700 2256; x_wconf 87' lang='lat' dir='ltr'><strong>responsum</strong></span> <span class='ocrx_word' id='word_1_122' title='bbox 731 2171 808 2245; x_wconf 87' lang='lat' dir='ltr'><strong>luit;</strong></span> <span class='ocrx_word' id='word_1_123' title='bbox 830 2169 906 2235; x_wconf 89' lang='lat' dir='ltr'><strong>adeo</strong></span> <span class='ocrx_word' id='word_1_124' title='bbox 936 2179 969 2235; x_wconf 91' lang='lat' dir='ltr'><strong>ut</strong></span> <span class='ocrx_word' id='word_1_125' title='bbox 1001 2170 1122 2235; x_wconf 86' lang='lat' dir='ltr'><strong>Parium</strong></span> <span class='ocrx_word' id='word_1_126' title='bbox 1143 2190 1249 2238; x_wconf 86' lang='lat' dir='ltr'><strong>revera</strong></span> 
     </span>
     <span class='ocr_line' id='line_1_17' title="bbox 150 2284 1250 2372; baseline 0.004 -24"><span class='ocrx_word' id='word_1_127' title='bbox 150 2286 252 2364; x_wconf 85' lang='lat' dir='ltr'><strong>maior</strong></span> <span class='ocrx_word' id='word_1_128' title='bbox 273 2307 412 2352; x_wconf 88' lang='lat' dir='ltr'><strong>uumerus</strong></span> <span class='ocrx_word' id='word_1_129' title='bbox 434 2309 486 2372; x_wconf 88' lang='lat' dir='ltr'><strong>pro</strong></span> <span class='ocrx_word' id='word_1_130' title='bbox 508 2308 623 2351; x_wconf 70' lang='lat' dir='ltr'><strong>secono</strong></span> <span class='ocrx_word' id='word_1_131' title='bbox 644 2285 821 2350; x_wconf 89' lang='lat' dir='ltr'><strong>sententiam</strong></span> <span class='ocrx_word' id='word_1_132' title='bbox 843 2284 955 2349; x_wconf 88' lang='lat' dir='ltr'><strong>tulerit.</strong></span> <span class='ocrx_word' id='word_1_133' title='bbox 994 2285 1030 2350; x_wconf 90' lang='lat' dir='ltr'><strong>lu</strong></span> <span class='ocrx_word' id='word_1_134' title='bbox 1061 2286 1150 2350; x_wconf 87' lang='lat' dir='ltr'><strong>domo</strong></span> <span class='ocrx_word' id='word_1_135' title='bbox 1178 2307 1250 2352; x_wconf 84' lang='lat' dir='ltr'><strong>vero</strong></span> 
     </span>
     <span class='ocr_line' id='line_1_18' title="bbox 152 2400 1250 2486; baseline 0.001 -22"><span class='ocrx_word' id='word_1_136' title='bbox 152 2400 368 2464; x_wconf 83' lang='lat' dir='ltr'>Communium</span> <span class='ocrx_word' id='word_1_137' title='bbox 392 2423 461 2486; x_wconf 90' lang='lat' dir='ltr'><strong>pars</strong></span> <span class='ocrx_word' id='word_1_138' title='bbox 490 2401 603 2480; x_wconf 83' lang='lat' dir='ltr'><strong>major,</strong></span> <span class='ocrx_word' id='word_1_139' title='bbox 628 2419 708 2486; x_wconf 85' lang='lat' dir='ltr'><strong>quae</strong></span> <span class='ocrx_word' id='word_1_140' title='bbox 736 2421 860 2483; x_wconf 82' lang='lat' dir='ltr'><strong>regnum</strong></span> <span class='ocrx_word' id='word_1_141' title='bbox 882 2419 992 2468; x_wconf 85' lang='lat' dir='ltr'><strong>vacare</strong></span> <span class='ocrx_word' id='word_1_142' title='bbox 1014 2401 1167 2476; x_wconf 82' lang='lat' dir='ltr'><strong>decrevit,</strong></span> <span class='ocrx_word' id='word_1_143' title='bbox 1191 2421 1250 2466; x_wconf 89' lang='lat' dir='ltr'><strong>uon</strong></span> 
     </span>
     <span class='ocr_line' id='line_1_19' title="bbox 151 2511 776 2599; baseline 0.002 -22"><span class='ocrx_word' id='word_1_144' title='bbox 151 2511 211 2577; x_wconf 88' lang='lat' dir='ltr'><strong>nisi</strong></span> <span class='ocrx_word' id='word_1_145' title='bbox 233 2513 336 2597; x_wconf 84' lang='lat' dir='ltr'><strong>paneis</strong></span> <span class='ocrx_word' id='word_1_146' title='bbox 358 2512 505 2595; x_wconf 80' lang='lat' dir='ltr'><strong>suffragiis</strong></span> <span class='ocrx_word' id='word_1_147' title='bbox 527 2514 694 2599; x_wconf 88' lang='lat' dir='ltr'><strong>praevaluit</strong></span> <span class='ocrx_word' id='word_1_148' title='bbox 715 2513 776 2597; x_wconf 74' lang='lat'><strong>(2).</strong></span> 
     </span>
    </p>

    <p class='ocr_par' dir='ltr' id='par_1_4' title="bbox 198 2626 1247 2714">
     <span class='ocr_line' id='line_1_20' title="bbox 198 2626 1247 2714; baseline 0.002 -24"><span class='ocrx_word' id='word_1_149' title='bbox 198 2626 258 2690; x_wconf 91' lang='lat' dir='ltr'><strong>Ubi</strong></span> <span class='ocrx_word' id='word_1_150' title='bbox 281 2627 381 2714; x_wconf 81' lang='lat' dir='ltr'><strong>itaque</strong></span> <span class='ocrx_word' id='word_1_151' title='bbox 403 2628 523 2703; x_wconf 85' lang='lat' dir='ltr'><strong>omnia,</strong></span> <span class='ocrx_word' id='word_1_152' title='bbox 547 2647 625 2713; x_wconf 89' lang='lat' dir='ltr'><strong>qnae</strong></span> <span class='ocrx_word' id='word_1_153' title='bbox 647 2627 728 2693; x_wconf 86' lang='lat' dir='ltr'><strong>laeta</strong></span> <span class='ocrx_word' id='word_1_154' title='bbox 750 2637 838 2703; x_wconf 89' lang='lat' dir='ltr'><strong>sunt,</strong></span> <span class='ocrx_word' id='word_1_155' title='bbox 864 2628 1021 2710; x_wconf 82' lang='lat' dir='ltr'><strong>diligenter</strong></span> <span class='ocrx_word' id='word_1_156' title='bbox 1039 2626 1247 2712; x_wconf 82' lang='lat' dir='ltr'><strong>respiciamus,</strong></span> 
     </span>
    </p>

    <p class='ocr_par' dir='ltr' id='par_1_5' title="bbox 151 2731 1369 3399">
     <span class='ocr_line' id='line_1_21' title="bbox 152 2731 1247 2833; baseline 0.004 -29"><span class='ocrx_word' id='word_1_157' title='bbox 152 2749 238 2825; x_wconf 87' lang='lat' dir='ltr'><strong>patet</strong></span> <span class='ocrx_word' id='word_1_158' title='bbox 252 2731 367 2817; x_wconf 81' lang='lat' dir='ltr'><strong>omues,</strong></span> <span class='ocrx_word' id='word_1_159' title='bbox 382 2742 432 2826; x_wconf 93' lang='lat' dir='ltr'><strong>qui</strong></span> <span class='ocrx_word' id='word_1_160' title='bbox 448 2741 487 2805; x_wconf 87' lang='lat' dir='ltr'><strong>ad</strong></span> <span class='ocrx_word' id='word_1_161' title='bbox 503 2761 602 2806; x_wconf 88' lang='lat' dir='ltr'><strong>rerum</strong></span> <span class='ocrx_word' id='word_1_162' title='bbox 622 2742 843 2806; x_wconf 86' lang='lat' dir='ltr'><strong>conversionem</strong></span> <span class='ocrx_word' id='word_1_163' title='bbox 861 2743 1022 2825; x_wconf 85' lang='lat' dir='ltr'><strong>plurimum</strong></span> <span class='ocrx_word' id='word_1_164' title='bbox 1042 2740 1247 2833; x_wconf 80' lang='lat' dir='ltr'><strong>sontnlerunt‚</strong></span> 
     </span>
     <span class='ocr_line' id='line_1_22' title="bbox 151 2854 1252 2939; baseline 0.001 -22"><span class='ocrx_word' id='word_1_165' title='bbox 151 2855 278 2918; x_wconf 89' lang='lat' dir='ltr'><strong>minime</strong></span> <span class='ocrx_word' id='word_1_166' title='bbox 310 2862 487 2939; x_wconf 83' lang='lat' dir='ltr'><strong>provocasse</strong></span> <span class='ocrx_word' id='word_1_167' title='bbox 518 2857 556 2920; x_wconf 89' lang='lat' dir='ltr'><strong>ad</strong></span> <span class='ocrx_word' id='word_1_168' title='bbox 588 2856 745 2921; x_wconf 87' lang='lat' dir='ltr'><strong>Summum</strong></span> <span class='ocrx_word' id='word_1_169' title='bbox 776 2854 937 2939; x_wconf 89' lang='lat' dir='ltr'><strong>lmperinm</strong></span> <span class='ocrx_word' id='word_1_170' title='bbox 969 2854 1086 2939; x_wconf 82' lang='lat' dir='ltr'><strong>populi,</strong></span> <span class='ocrx_word' id='word_1_171' title='bbox 1119 2873 1193 2927; x_wconf 84' lang='lat' dir='ltr'><strong>nee,</strong></span> <span class='ocrx_word' id='word_1_172' title='bbox 1216 2856 1252 2918; x_wconf 80' lang='lat' dir='ltr'><strong>ul</strong></span> 
     </span>
     <span class='ocr_line' id='line_1_23' title="bbox 154 2963 1254 3059; baseline -0.003 -26"><span class='ocrx_word' id='word_1_173' title='bbox 154 2968 342 3033; x_wconf 73' lang='lat' dir='ltr'><strong>contendunt</strong></span> <span class='ocrx_word' id='word_1_174' title='bbox 363 2969 514 3044; x_wconf 85' lang='lat' dir='ltr'><strong>nonnulli,</strong></span> <span class='ocrx_word' id='word_1_175' title='bbox 536 2969 587 3057; x_wconf 73' lang='lat' dir='ltr'><strong>jus</strong></span> <span class='ocrx_word' id='word_1_176' title='bbox 608 2994 707 3059; x_wconf 81' lang='lat' dir='ltr'><strong>regem</strong></span> <span class='ocrx_word' id='word_1_177' title='bbox 731 2968 861 3056; x_wconf 79' lang='lat' dir='ltr'><strong>Imperio</strong></span> <span class='ocrx_word' id='word_1_178' title='bbox 882 2966 1026 3041; x_wconf 76' lang='lat' dir='ltr'><strong>eruendi.</strong></span> <span class='ocrx_word' id='word_1_179' title='bbox 1050 2964 1179 3035; x_wconf 71' lang='lat' dir='ltr'><strong>aliumve</strong></span> <span class='ocrx_word' id='word_1_180' title='bbox 1196 2963 1254 3032; x_wconf 78' lang='lat' dir='ltr'><strong>sini</strong></span> 
     </span>
     <span class='ocr_line' id='line_1_24' title="bbox 154 3079 1251 3170; baseline -0.002 -24"><span class='ocrx_word' id='word_1_181' title='bbox 154 3079 306 3170; x_wconf 82' lang='lat' dir='ltr'><strong>eligendi,</strong></span> <span class='ocrx_word' id='word_1_182' title='bbox 324 3089 379 3146; x_wconf 82' lang='lat' dir='ltr'><strong>ant</strong></span> <span class='ocrx_word' id='word_1_183' title='bbox 397 3105 503 3148; x_wconf 74' lang='lat' dir='ltr'><strong>noram</strong></span> <span class='ocrx_word' id='word_1_184' title='bbox 524 3081 758 3149; x_wconf 81' lang='lat' dir='ltr'><strong>constitutionem</strong></span> <span class='ocrx_word' id='word_1_185' title='bbox 779 3081 922 3158; x_wconf 83' lang='lat' dir='ltr'><strong>creandi,</strong></span> <span class='ocrx_word' id='word_1_186' title='bbox 938 3102 1070 3168; x_wconf 85' lang='lat' dir='ltr'><strong>unquam</strong></span> <span class='ocrx_word' id='word_1_187' title='bbox 1087 3081 1251 3163; x_wconf 85' lang='lat' dir='ltr'><strong>agnovisse.</strong></span> 
     </span>
     <span class='ocr_line' id='line_1_25' title="bbox 154 3190 1369 3283; baseline -0.002 -23"><span class='ocrx_word' id='word_1_188' title='bbox 154 3195 248 3276; x_wconf 86' lang='lat' dir='ltr'><strong>Quod</strong></span> <span class='ocrx_word' id='word_1_189' title='bbox 267 3196 358 3260; x_wconf 89' lang='lat' dir='ltr'><strong>etiam</strong></span> <span class='ocrx_word' id='word_1_190' title='bbox 374 3196 606 3262; x_wconf 83' lang='lat' dir='ltr'><strong>luculentissime</strong></span> <span class='ocrx_word' id='word_1_191' title='bbox 622 3197 765 3283; x_wconf 83' lang='lat' dir='ltr'><strong>probatur</strong></span> <span class='ocrx_word' id='word_1_192' title='bbox 781 3219 817 3262; x_wconf 82' lang='lat' dir='ltr'><strong>ex</strong></span> <span class='ocrx_word' id='word_1_193' title='bbox 838 3197 1039 3263; x_wconf 76' lang='lat' dir='ltr'><strong>declaratione</strong></span> <span class='ocrx_word' id='word_1_194' title='bbox 1059 3195 1169 3274; x_wconf 85' lang='lat' dir='ltr'><strong>jurium</strong></span> <span class='ocrx_word' id='word_1_195' title='bbox 1186 3190 1252 3277; x_wconf 84' lang='lat' dir='ltr'><strong>(bill</strong></span> <span class='ocrx_word' id='word_1_196' title='bbox 1364 3194 1369 3201; x_wconf 83' lang='grc'><strong>’</strong></span> 
     </span>
     <span class='ocr_line' id='line_1_26' title="bbox 155 3305 1253 3399; baseline 0.002 -29"><span class='ocrx_word' id='word_1_197' title='bbox 155 3307 199 3395; x_wconf 73' lang='lat' dir='ltr'><strong>of</strong></span> <span class='ocrx_word' id='word_1_198' title='bbox 215 3305 325 3397; x_wconf 80' lang='lat' dir='ltr'><strong>rights)</strong></span> <span class='ocrx_word' id='word_1_199' title='bbox 348 3309 425 3372; x_wconf 86' lang='lat' dir='ltr'><strong>amri·</strong></span> <span class='ocrx_word' id='word_1_200' title='bbox 438 3308 528 3376; x_wconf 88' lang='lat'>1688.</span> <span class='ocrx_word' id='word_1_201' title='bbox 552 3311 585 3376; x_wconf 93' lang='lat' dir='ltr'><strong>lu</strong></span> <span class='ocrx_word' id='word_1_202' title='bbox 603 3331 639 3375; x_wconf 89' lang='lat' dir='ltr'><strong>ea</strong></span> <span class='ocrx_word' id='word_1_203' title='bbox 659 3334 763 3399; x_wconf 82' lang='lat' dir='ltr'><strong>nempe</strong></span> <span class='ocrx_word' id='word_1_204' title='bbox 782 3315 867 3394; x_wconf 83' lang='lat' dir='ltr'><strong>lege,</strong></span> <span class='ocrx_word' id='word_1_205' title='bbox 885 3332 962 3398; x_wconf 91' lang='lat' dir='ltr'><strong>qnae</strong></span> <span class='ocrx_word' id='word_1_206' title='bbox 981 3311 1044 3375; x_wconf 87' lang='lat' dir='ltr'><strong>lata</strong></span> <span class='ocrx_word' id='word_1_207' title='bbox 1062 3318 1107 3374; x_wconf 86' lang='lat' dir='ltr'><strong>est</strong></span> <span class='ocrx_word' id='word_1_208' title='bbox 1123 3309 1153 3372; x_wconf 89' lang='lat' dir='ltr'><strong>iu</strong></span> <span class='ocrx_word' id='word_1_209' title='bbox 1172 3306 1253 3394; x_wconf 72' lang='lat' dir='ltr'><strong>prin·-</strong></span> 
     </span>
    </p>

    <p class='ocr_par' dir='ltr' id='par_1_6' title="bbox 101 3408 1256 3739">
     <span class='ocr_line' id='line_1_27' title="bbox 101 3408 1253 3511; baseline -0.003 -23"><span class='ocrx_word' id='word_1_210' title='bbox 101 3417 112 3459; x_wconf 57' lang='lat'><strong>&#39;1</strong></span> <span class='ocrx_word' id='word_1_211' title='bbox 157 3420 357 3509; x_wconf 81' lang='lat' dir='ltr'><strong>cipio&#39;statim</strong></span> <span class='ocrx_word' id='word_1_212' title='bbox 384 3425 467 3506; x_wconf 79' lang='lat' dir='ltr'><strong>regui</strong></span> <span class='ocrx_word' id='word_1_213' title='bbox 495 3447 656 3490; x_wconf 73' lang='lat' dir='ltr'><strong>auraretur</strong></span> <span class='ocrx_word' id='word_1_214' title='bbox 679 3435 863 3500; x_wconf 74' lang='lat' dir='ltr'><strong>sturmus,</strong></span> <span class='ocrx_word' id='word_1_215' title='bbox 887 3443 1023 3511; x_wconf 86' lang='lat' dir='ltr'><strong>quaeque</strong></span> <span class='ocrx_word' id='word_1_216' title='bbox 1044 3443 1062 3488; x_wconf 85' lang='lat' dir='ltr'><strong>a</strong></span> <span class='ocrx_word' id='word_1_217' title='bbox 1080 3408 1253 3500; x_wconf 76' lang='lat' dir='ltr'><strong>&#39;virts-juris</strong></span> 
     </span>
     <span class='ocr_line' id='line_1_28' title="bbox 155 3535 1256 3624; baseline -0.004 -22"><span class='ocrx_word' id='word_1_218' title='bbox 155 3547 190 3620; x_wconf 81' lang='lat' dir='ltr'><strong>et</strong></span> <span class='ocrx_word' id='word_1_219' title='bbox 221 3557 321 3603; x_wconf 87' lang='lat' dir='ltr'><strong>rernm</strong></span> <span class='ocrx_word' id='word_1_220' title='bbox 347 3539 537 3624; x_wconf 83' lang='lat' dir='ltr'><strong>politicarum</strong></span> <span class='ocrx_word' id='word_1_221' title='bbox 562 3539 746 3623; x_wconf 79' lang='lat' dir='ltr'><strong>peritissimis</strong></span> <span class='ocrx_word' id='word_1_222' title='bbox 770 3540 934 3624; x_wconf 78' lang='lat' dir='ltr'><strong>conscripta</strong></span> <span class='ocrx_word' id='word_1_223' title='bbox 955 3539 1030 3614; x_wconf 87' lang='lat' dir='ltr'><strong>luit,</strong></span> <span class='ocrx_word' id='word_1_224' title='bbox 1055 3539 1092 3603; x_wconf 87' lang='lat' dir='ltr'><strong>de</strong></span> <span class='ocrx_word' id='word_1_225' title='bbox 1109 3535 1256 3602; x_wconf 86' lang='lat' dir='ltr'><strong>simulatis</strong></span> 
     </span>
     <span class='ocr_line' id='line_1_29' title="bbox 155 3651 1145 3739; baseline 0.001 -25"><span class='ocrx_word' id='word_1_226' title='bbox 155 3651 306 3731; x_wconf 82' lang='lat' dir='ltr'><strong>ejusmodi</strong></span> <span class='ocrx_word' id='word_1_227' title='bbox 324 3652 438 3732; x_wconf 89' lang='lat' dir='ltr'><strong>juribus</strong></span> <span class='ocrx_word' id='word_1_228' title='bbox 455 3673 493 3717; x_wconf 91' lang='lat' dir='ltr'><strong>ne</strong></span> <span class='ocrx_word' id='word_1_229' title='bbox 511 3652 635 3719; x_wconf 86' lang='lat' dir='ltr'><strong>verbum</strong></span> <span class='ocrx_word' id='word_1_230' title='bbox 654 3654 773 3739; x_wconf 90' lang='lat' dir='ltr'><strong>quidem</strong></span> <span class='ocrx_word' id='word_1_231' title='bbox 792 3655 925 3723; x_wconf 83' lang='lat' dir='ltr'><strong>invenire</strong></span> <span class='ocrx_word' id='word_1_232' title='bbox 943 3654 1030 3727; x_wconf 85' lang='lat' dir='ltr'><strong>licet,</strong></span> <span class='ocrx_word' id='word_1_233' title='bbox 1054 3672 1145 3717; x_wconf 88' lang='lat' dir='ltr'><strong>nam:</strong></span> 
     </span>
    </p>
   </div>
   <div class='ocr_carea' id='block_1_2' title="bbox 178 3877 1041 3945">
    <p class='ocr_par' dir='ltr' id='par_1_7' title="bbox 178 3877 1041 3945">
     <span class='ocr_line' id='line_1_30' title="bbox 178 3877 1041 3945; baseline 0.007 -20"><span class='ocrx_word' id='word_1_234' title='bbox 178 3879 223 3940; x_wconf 83' lang='grc' dir='ltr'><strong>(ί)</strong></span> <span class='ocrx_word' id='word_1_235' title='bbox 240 3877 335 3945; x_wconf 81' lang='lat' dir='ltr'><strong>Nempe</strong></span> <span class='ocrx_word' id='word_1_236' title='bbox 352 3877 379 3928; x_wconf 78' lang='lat'><strong>5¹</strong></span> <span class='ocrx_word' id='word_1_237' title='bbox 395 3879 539 3944; x_wconf 65' lang='lat' dir='ltr'><strong>‘suffragium</strong></span> <span class='ocrx_word' id='word_1_238' title='bbox 557 3879 667 3928; x_wconf 84' lang='lat' dir='ltr'><strong>tulerunt</strong></span> <span class='ocrx_word' id='word_1_239' title='bbox 681 3895 725 3944; x_wconf 85' lang='lat' dir='ltr'><strong>pro</strong></span> <span class='ocrx_word' id='word_1_240' title='bbox 740 3894 814 3941; x_wconf 78' lang='lat' dir='ltr'><strong>rege,</strong></span> <span class='ocrx_word' id='word_1_241' title='bbox 831 3877 863 3930; x_wconf 79' lang='lat'><strong>49</strong></span> <span class='ocrx_word' id='word_1_242' title='bbox 879 3896 923 3945; x_wconf 87' lang='lat' dir='ltr'><strong>pro</strong></span> <span class='ocrx_word' id='word_1_243' title='bbox 940 3879 1041 3931; x_wconf 79' lang='lat' dir='ltr'><strong>vinario.</strong></span> 
     </span>
    </p>
   </div>
   <div class='ocr_carea' id='block_1_3' title="bbox 85 3968 1267 4428">
    <p class='ocr_par' dir='ltr' id='par_1_8' title="bbox 141 3968 1267 4335">
     <span class='ocr_line' id='line_1_31' title="bbox 178 3968 1263 4053; baseline -0.001 -19"><span class='ocrx_word' id='word_1_244' title='bbox 178 3987 218 4045; x_wconf 83' lang='grc'><strong>(2)</strong></span> <span class='ocrx_word' id='word_1_245' title='bbox 243 3989 282 4039; x_wconf 78' lang='lat' dir='ltr'><strong>lle</strong></span> <span class='ocrx_word' id='word_1_246' title='bbox 305 3989 395 4052; x_wconf 83' lang='lat' dir='ltr'><strong>quibua</strong></span> <span class='ocrx_word' id='word_1_247' title='bbox 411 3988 523 4038; x_wconf 80' lang='lat' dir='ltr'><strong>omnibus</strong></span> <span class='ocrx_word' id='word_1_248' title='bbox 539 3989 569 4037; x_wconf 89' lang='lat' dir='ltr'><strong>ol.</strong></span> <span class='ocrx_word' id='word_1_249' title='bbox 588 3989 612 4035; x_wconf 91' lang='lat' dir='ltr'><strong>in</strong></span> <span class='ocrx_word' id='word_1_250' title='bbox 628 3988 712 4053; x_wconf 81' lang='lat' dir='ltr'><strong>primia</strong></span> <span class='ocrx_word' id='word_1_251' title='bbox 728 4005 802 4053; x_wconf 79' lang='lat' dir='ltr'><strong>opus.</strong></span> <span class='ocrx_word' id='word_1_252' title='bbox 821 3991 863 4038; x_wconf 86' lang='lat' dir='ltr'><strong>eui</strong></span> <span class='ocrx_word' id='word_1_253' title='bbox 878 3989 978 4038; x_wconf 81' lang='lat' dir='ltr'><strong>titulos:</strong></span> <span class='ocrx_word' id='word_1_254' title='bbox 998 3987 1053 4038; x_wconf 76' lang='lat' dir='ltr'><strong>Tm</strong></span> <span class='ocrx_word' id='word_1_255' title='bbox 1070 3968 1167 4052; x_wconf 70' lang='lat' dir='ltr'><strong>listorp</strong></span> <span class='ocrx_word' id='word_1_256' title='bbox 1184 3983 1215 4051; x_wconf 72' lang='lat' dir='ltr'><strong>o(</strong></span> <span class='ocrx_word' id='word_1_257' title='bbox 1222 3987 1263 4034; x_wconf 75' lang='lat' dir='ltr'><strong>llis</strong></span> 
     </span>
     <span class='ocr_line' id='line_1_32' title="bbox 144 4077 1263 4148; baseline -0.002 -18"><span class='ocrx_word' id='word_1_258' title='bbox 144 4081 247 4130; x_wconf 75' lang='lat' dir='ltr'><strong>Brits&#39;ab</strong></span> <span class='ocrx_word' id='word_1_259' title='bbox 276 4081 424 4132; x_wconf 78' lang='lat' dir='ltr'><strong>llaoeletion</strong></span> <span class='ocrx_word' id='word_1_260' title='bbox 450 4080 481 4148; x_wconf 70' lang='lat' dir='ltr'><strong>op</strong></span> <span class='ocrx_word' id='word_1_261' title='bbox 504 4079 630 4141; x_wconf 77' lang='lat' dir='ltr'><strong>rena-9,</strong></span> <span class='ocrx_word' id='word_1_262' title='bbox 654 4082 686 4147; x_wconf 66' lang='lat' dir='ltr'><strong>by</strong></span> <span class='ocrx_word' id='word_1_263' title='bbox 702 4095 916 4143; x_wconf 29' lang='lat' dir='ltr'><strong>saonen-mooun,</strong></span> <span class='ocrx_word' id='word_1_264' title='bbox 933 4081 1033 4132; x_wconf 84' lang='lat' dir='ltr'><strong>London</strong></span> <span class='ocrx_word' id='word_1_265' title='bbox 1050 4079 1132 4138; x_wconf 60' lang='lat' dir='ltr'><strong>essm</strong></span> <span class='ocrx_word' id='word_1_266' title='bbox 1149 4077 1215 4142; x_wconf 82' lang='lat' dir='ltr'><strong>qnod</strong></span> <span class='ocrx_word' id='word_1_267' title='bbox 1232 4093 1263 4128; x_wconf 92' lang='lat' dir='ltr'><strong>eo</strong></span> 
     </span>
     <span class='ocr_line' id='line_1_33' title="bbox 144 4172 1266 4241; baseline -0.004 -19"><span class='ocrx_word' id='word_1_268' title='bbox 144 4172 225 4238; x_wconf 78' lang='lat' dir='ltr'><strong>magis</strong></span> <span class='ocrx_word' id='word_1_269' title='bbox 249 4172 381 4235; x_wconf 70' lang='lat' dir='ltr'><strong>legandum</strong></span> <span class='ocrx_word' id='word_1_270' title='bbox 410 4173 567 4235; x_wconf 85' lang='lat' dir='ltr'><strong>oommeudo,</strong></span> <span class='ocrx_word' id='word_1_271' title='bbox 591 4179 675 4240; x_wconf 82' lang='lat' dir='ltr'><strong>utpote</strong></span> <span class='ocrx_word' id='word_1_272' title='bbox 701 4175 768 4239; x_wconf 89' lang='lat' dir='ltr'><strong>quod</strong></span> <span class='ocrx_word' id='word_1_273' title='bbox 792 4186 936 4224; x_wconf 76' lang='lat' dir='ltr'><strong>eunnrnrmo</strong></span> <span class='ocrx_word' id='word_1_274' title='bbox 959 4188 1075 4241; x_wconf 82' lang='lat' dir='ltr'><strong>perquam</strong></span> <span class='ocrx_word' id='word_1_275' title='bbox 1096 4172 1172 4233; x_wconf 78' lang='lat' dir='ltr'><strong>insat,</strong></span> <span class='ocrx_word' id='word_1_276' title='bbox 1191 4175 1266 4236; x_wconf 81' lang='lat' dir='ltr'><strong>utque</strong></span> 
     </span>
     <span class='ocr_line' id='line_1_34' title="bbox 141 4263 1267 4335; baseline -0.004 -17"><span class='ocrx_word' id='word_1_277' title='bbox 141 4267 208 4318; x_wconf 74' lang='lat' dir='ltr'><strong>adeo</strong></span> <span class='ocrx_word' id='word_1_278' title='bbox 232 4267 258 4317; x_wconf 89' lang='lat' dir='ltr'><strong>in</strong></span> <span class='ocrx_word' id='word_1_279' title='bbox 279 4268 326 4332; x_wconf 80' lang='lat' dir='ltr'><strong>iis,</strong></span> <span class='ocrx_word' id='word_1_280' title='bbox 350 4285 413 4335; x_wconf 83' lang='lat' dir='ltr'><strong>quae</strong></span> <span class='ocrx_word' id='word_1_281' title='bbox 435 4282 479 4334; x_wconf 84' lang='lat' dir='ltr'><strong>pro</strong></span> <span class='ocrx_word' id='word_1_282' title='bbox 508 4277 600 4320; x_wconf 72' lang='lat' dir='ltr'><strong>resono</strong></span> <span class='ocrx_word' id='word_1_283' title='bbox 615 4267 708 4319; x_wconf 84' lang='lat' dir='ltr'><strong>laeiunt</strong></span> <span class='ocrx_word' id='word_1_284' title='bbox 746 4283 794 4317; x_wconf 88' lang='lat' dir='ltr'><strong>non</strong></span> <span class='ocrx_word' id='word_1_285' title='bbox 812 4267 858 4318; x_wconf 83' lang='lat' dir='ltr'><strong>nisi</strong></span> <span class='ocrx_word' id='word_1_286' title='bbox 874 4275 1003 4320; x_wconf 77' lang='lat' dir='ltr'><strong>extremam</strong></span> <span class='ocrx_word' id='word_1_287' title='bbox 1020 4263 1144 4316; x_wconf 76' lang='lat' dir='ltr'><strong>veritatem</strong></span> <span class='ocrx_word' id='word_1_288' title='bbox 1157 4263 1267 4316; x_wconf 80' lang='lat' dir='ltr'><strong>retulisse</strong></span> 
     </span>
    </p>

    <p class='ocr_par' dir='ltr' id='par_1_9' title="bbox 85 4361 373 4428">
     <span class='ocr_line' id='line_1_35' title="bbox 85 4361 373 4428; baseline 0 -17"><span class='ocrx_word' id='word_1_289' title='bbox 85 4369 92 4377; x_wconf 86' lang='lat'><strong>·</strong></span> <span class='ocrx_word' id='word_1_290' title='bbox 141 4361 267 4428; x_wconf 77' lang='lat' dir='ltr'><strong>praesumi</strong></span> <span class='ocrx_word' id='word_1_291' title='bbox 283 4365 373 4428; x_wconf 54' lang='lat' dir='ltr'><strong>potens</strong></span> 
     </span>
    </p>
   </div>
   <div class='ocr_carea' id='block_1_4' title="bbox 0 0 1424 5324">
    <p class='ocr_par' dir='ltr' id='par_1_10' title="bbox 0 0 1424 5324">
     <span class='ocr_line' id='line_1_36' title="bbox 0 0 1424 5324; baseline 0 0"><span class='ocrx_word' id='word_1_292' title='bbox 0 0 1424 5324; x_wconf 95' lang='lat' dir='ltr'><strong> </strong></span> 
     </span>
    </p>
   </div>
  </div>
 </body>
</html>
