2806 5324
675 339 729 421 59
785 392 788 399 ,

147 528 280 594 concilio
307 530 441 596 omniunt
467 531 650 598 vasadorum
672 531 827 597 corntnode
855 531 974 597 admitti
993 540 1146 616 poteram
1168 533 1243 598 nihil

147 646 235 710 enirn
253 646 284 708 in
299 645 357 709 luae
378 645 557 710 Mmbsiorte
576 655 701 711 naturae
720 648 795 727 juris
812 648 940 713 feudalis
954 646 1157 731 tepugnabat,
1177 668 1246 712 cum

147 759 267 822 eoderu-
286 759 355 824 loeo
378 778 414 823 ao
441 760 544 842 magui
572 761 677 827 vasalli
702 758 884 826 haberentur
911 764 980 827 illae
1006 771 1036 826 et
1055 761 1159 826 eodem
1180 762 1244 841 jure

148 873 332 938 fruerentur.
365 872 549 951 Posteriores
574 893 665 950 uero,
696 895 774 961 quae
798 876 878 940 inter
895 873 1023 943 'vasallos
1040 875 1168 940 directos
1186 896 1244 940 nou

149 987 407 1064 numerabantur,
439 988 550 1054 domiui
581 991 628 1056 sui
660 991 818 1075 peculiaris
843 991 954 1075 placita
973 991 1056 1075 sequi
1071 990 1249 1063 debebant,

150 1111 245 1190 etque
259 1103 314 1167 lroc
332 1103 396 1188 ipso
415 1103 607 1170 parimento
622 1105 819 1181 arcebantur,
840 1104 955 1179 donec,
972 1107 1022 1172 rel
1041 1106 1167 1170 dominis
1177 1102 1243 1192 pul·

147 1220 211 1295 sis,
232 1220 280 1286 vel
303 1228 385 1282 emta
406 1218 564 1295 libertate,
588 1220 687 1284 locum
709 1219 741 1284 iu
763 1219 955 1285 concionibus
977 1231 1177 1305 usurpassent.

195 1330 312 1398 Deinde
336 1334 450 1398 multae
481 1333 572 1398 urbes
599 1353 635 1397 er
656 1331 715 1398 illis
736 1333 843 1408 etiam,
867 1353 944 1419 quae
966 1333 1083 1399 sivein
1104 1332 1244 1406 domanio
1291 1337 1292 1341 ’

150 1448 246 1532 Regis
261 1448 335 1514 sitae
350 1456 466 1521 esent,
489 1448 552 1515 sive
574 1449 741 1513 libertatem
752 1447 808 1512 sibi
819 1456 1053 1532 comparassent,
1066 1447 1247 1534 inerepas·
1308 1504 1311 1509 .

149 1573 306 1629 sectantes
332 1562 490 1638 mittendi,
522 1563 601 1650 quod
632 1565 760 1648 primum
784 1559 970 1637 habuemnt,
1002 1571 1104 1645 postea
1126 1562 1243 1645 propu'a

150 1681 268 1746 incuria
289 1689 321 1746 et
341 1678 434 1744 nimio
442 1677 751 1762 parcimoniaestudio
763 1678 934 1743 amiserunt.
945 1677 1066 1741 Scilicet
1076 1695 1135 1741 nou
1144 1676 1250 1758 magni-

152 1794 228 1860 lraec
250 1789 471 1860 ¹aestimabatur
487 1792 634 1870 facultas,
653 1814 745 1880 quoru
763 1793 862 1859 adhuc
882 1794 1016 1868 tributa,
1037 1812 1114 1879 quae
1135 1793 1245 1878 imponi

151 1908 307 1982 solebant,
324 1907 395 1973 ¹nou
416 1903 506 1987 ualde
520 1928 645 1975 onerosa
661 1918 769 1974 esent
792 1909 873 1973 Hinc
888 1908 1033 1994 plurimae
1052 1907 1142 1974 urbes
1152 1901 1243 1972 ¹eruo-

151 2019 338 2099 rumentum,
362 2024 447 2111 quod·
463 2017 507 2089 αἱ
520 2018 792 2109 repraesentatione
805 2023 968 2107 potuissent
977 2023 1146 2109 acqurirere,
1158 2022 1243 2108 parvi
1279 2108 1284 2117 1

150 2138 312 2214 ducentes,
330 2148 446 2203 sumtus
462 2157 534 2205 uero
553 2145 738 2213 metuentes,
759 2135 866 2223 quibus
882 2158 953 2224 opus
971 2145 1054 2212 erat,
1075 2145 1108 2201 ut
1124 2136 1244 2218 delega-

149 2262 196 2318 tos
223 2252 352 2338 pecnnia
378 2253 417 2317 ad
436 2247 494 2318 iter
511 2249 683 2329 laciendum
702 2253 869 2320 necesaria
885 2254 1059 2336 mumreut,
1076 2254 1244 2321 molestiam
1266 2281 1271 2289 ·

148 2369 269 2454 insuper
287 2365 442 2434 electionis
457 2377 629 2455 portuosae,
649 2369 803 2454 paullatim
819 2370 982 2436 omiserunt
990 2378 1245 2457 repraesentantes

149 2483 189 2547 ad
207 2482 430 2550 Parlameutum
450 2485 578 2549 mittere.
601 2484 614 2569 (
618 2483 661 2570 l).
1017 2483 1020 2491 ’
1242 2468 1244 2473 ’

194 2595 288 2663 Porro
308 2598 557 2666 verisimillimum
571 2620 690 2686 quoque
705 2610 770 2678 est,
788 2599 878 2666 urbes
896 2599 1242 2686 nunquamcouiuucti'nu

148 2733 217 2779 curu
238 2715 393 2809 ordinibus
411 2716 613 2802 superioribus
632 2715 809 2781 consedisse.
832 2715 942 2800 Neque
956 2717 1085 2781 mirum:
1110 2703 1243 2798 delegati

147 2829 258 2916 quippe
282 2828 418 2896 urbium·
433 2822 495 2896 ttua
523 2852 591 2896 curn
620 2828 792 2901 Beronibus
816 2826 985 2895 illusoribus
1013 2831 1076 2898 sive
1099 2829 1247 2912 delegatis

148 2945 345 3010 comitatuum
371 2941 508 3034 (knights
532 2946 570 3032 of
592 2943 642 3010 tte
666 2942 776 3030 sitires)
811 2932 969 3010 numerum
992 2944 1084 3031 duplo
1099 2943 1248 3024 maiorem

147 3050 336 3135 efficiebant,
364 3081 455 3146 mam
481 3057 590 3124 Clerici
617 3068 648 3125 et
666 3059 790 3125 Nobiles
804 3059 984 3145 potentiores
1007 3049 1245 3152 (uotitityl'sive

148 3174 267 3259 proprio
287 3175 409 3240 nornine
427 3172 540 3262 Magni
555 3172 711 3240 Berones:
727 3174 753 3239 si
773 3175 839 3239 illos
859 3174 962 3259 itaque
975 3175 1085 3241 'eodem
1105 3177 1171 3240 loeo
1186 3175 1243 3242 lta-

148 3287 213 3352 beri
246 3297 280 3354 ct
303 3289 334 3356 in
364 3290 470 3356 eodem
498 3288 625 3354 concilio
644 3284 786 3373 apparere
801 3289 955 3366 sivissent,
979 3290 1068 3355 facile
1083 3289 1268 3355 admodum
1357 3372 1360 3377 1

147 3403 265 3468 nobiles
283 3399 482 3483 isti'ms'iores
500 3397 634 3488 antiquis
648 3404 887 3490 ’suis—privilegiis
905 3404 1016 3488 privari
1035 3403 1208 3488 potuissent.

194 3517 337 3598 Quinimo
352 3518 474 3583 urbium
493 3518 635 3600 delegati,
657 3539 726 3583 eum
744 3517 805 3597 jam
820 3517 857 3583 iis
876 3517 942 3583 Rex
961 3512 1121 3583 nousunus
1140 3518 1157 3582 l
1173 3539 1246 3584 con·

148 3639 265 3696 stanter
289 3630 481 3698 Parlameuto
503 3634 606 3698 adesse
636 3632 684 3712 jus
703 3628 846 3710 dederat,
874 3626 1048 3716 suffragium
1073 3626 1245 3700 deliberati·

147 3748 218 3813 uum'
237 3766 298 3812 uou
315 3745 505 3824 hahuerunt,
525 3749 578 3814 sed
595 3758 714 3814 tanturn
731 3744 930 3837 querimonias
946 3757 977 3812 et
996 3743 1242 3834 libellossu'ppli·

148 3880 199 3925 ces
214 3859 320 3928 offerre
334 3873 489 3950 poteraut,
508 3866 617 3952 quihus
632 3858 705 3929 Res
718 3856 909 3950 per'modum
919 3863 1115 3931 concessionis
1124 3858 1244 3948 respou-

146 3973 320 4063 delrat'l2).
335 3976 388 4044 'Sic
408 3971 565 4066 postquam
582 4000 743 4049 uouemus
760 3979 807 4059 ll,
824 3979 871 4048 vir
879 3973 1050 4046 inconstans
1059 3978 1242 4055 et'imbellis,

167 4145 213 4237 (l)¹
230 4139 272 4201 Cl'.¹
293 4136 423 4213 urrunnu,
449 4139 485 4203 uu
508 4153 636 4204 historiast
653 4136 715 4229 viole
734 4151 765 4220 of
775 4153 816 4201 tlte
833 4150 945 4219 Enpiislu
962 4134 1141 4233 peruenerunt,
1155 4112 1256 4206 vonit.

139 4222 392 4330 cloh⁰.se'ct.l3.3¹
470 4320 484 4328 ,Ι
858 4232 889 4323 ’Χ
952 4231 976 4296 s
1152 4279 1155 4284 Δ

168 4339 214 4411 (η
229 4332 299 4400 Quod
319 4336 436 4407 probetur
453 4354 482 4405 er
498 4337 712 4405 convocationibus
730 4337 896 4406 (summoue),
911 4335 1004 4422 'quotus
1019 4333 1270 4394 RexPudumentum
