2806 5324
165 557 254 636 citer,
276 559 432 637 contendi,
453 561 607 648 antiquam
622 559 769 628 Franciae
787 559 991 628 monarchiam
1006 562 1157 642 eiusmodi
1176 585 1259 629 con·

152 676 343 740 'stitutionem
372 677 484 741 nullam
514 676 668 744 habuisse:
692 679 745 744 sed
771 699 861 765 quarn
890 680 977 762 longe
1008 680 1052 746 illi
1078 701 1098 745 a
1120 679 1263 749 veritatis

162 790 269 855 semita
296 789 452 865 aberrent,
476 812 511 856 ex
537 792 700 858 innumeris
728 793 915 862 documentis
938 792 1104 870 historicis,
1126 814 1262 881 quorum

164 904 278 988 aliquot
300 906 469 981 attulimus,
493 907 565 971 satis
587 908 744 973 evincitur.

205 1019 283 1084 Toto
301 1028 402 1084 autern
419 1020 502 1084 caelo
520 1041 538 1084 a
555 1021 764 1086 constitutione
783 1022 898 1107 proprie
918 1020 999 1087 dicta
1017 1020 1159 1088 differunt
1178 1045 1262 1089 con·

162 1134 329 1200 stitutiones
348 1135 498 1201 hodiernis
521 1135 626 1199 diebus
646 1136 804 1218 vulgatae,
824 1145 854 1200 et
874 1136 906 1200 in
922 1135 1056 1220 pluribus
1071 1137 1262 1204 monarchiis

163 1252 225 1332 jam
243 1251 399 1316 admissae.
421 1251 505 1316 Talis
523 1251 694 1316 constitutio
714 1271 771 1313 non
788 1250 962 1332 intelligitur
978 1252 1123 1318 naturalis
1139 1246 1259 1326 sorana,

162 1388 222 1454 qua
249 1375 313 1432 tota
338 1344 453 1431 Summi
478 1365 596 1449 Imperii
624 1364 763 1430 exercitio
781 1365 911 1448 regitur,
930 1366 984 1430 sed
1000 1374 1046 1432 eet
1061 1366 1108 1431 lex
1122 1365 1259 1451 positiva

160 1482 327 1568 quaedam,
354 1501 431 1567 quae
454 1479 491 1544 de
510 1479 636 1564 Imperio
651 1489 747 1545 cavet.
771 1477 871 1558 Quam
886 1481 965 1545 male
982 1488 1083 1546 antem
1100 1479 1256 1558 ejusmodi

160 1596 400 1670 constitutiones,
420 1594 475 1658 etsi
492 1613 580 1679 saepe
598 1595 677 1681 leges
694 1592 951 1679 fundamentales,
976 1615 1020 1659 sc.
1040 1590 1169 1679 scriptae
1186 1594 1258 1666 sire

130 1718 140 1730 ‘
160 1712 321 1800 positivae,
346 1711 501 1786 dicantur,
520 1711 693 1801 plerumque
710 1716 812 1772 tamen
829 1705 926 1795 puetis
943 1707 1159 1783 assimilentur,
1178 1708 1257 1793 qui-

77 1812 81 1819 ’
159 1827 215 1892 bus
241 1823 400 1907 Imperium
428 1822 523 1903 magis
550 1821 685 1887 minusve
710 1821 917 1903 restringitur,
943 1829 1030 1915 prout
1047 1822 1120 1888 illud
1138 1825 1256 1909 pascis-

157 1938 293 2006 centibus
319 1938 414 2003 visum
441 1935 551 2011 luerit,
582 1956 642 1999 uon
668 1944 711 1999 est
736 1933 816 2020 quod
841 1935 939 2000 denuo
954 1936 1256 2024 probemusrsupra

157 2054 237 2119 enirn
263 2052 334 2116 satis
359 2070 504 2136 superque
529 2048 726 2122 ostendimus,
756 2048 873 2115 nullubi
893 2049 1052 2135 imperinm
1076 2052 1173 2136 pactis
1192 2053 1256 2118 niti

156 2189 253 2256 posse,
274 2176 304 2232 et
321 2168 401 2250 leges
419 2158 658 2230 fundamentales
674 2163 798 2248 scriptas
816 2165 880 2233 sive
892 2166 1129 2241 constitutiones,
1146 2168 1256 2253 quales

156 2284 246 2350 hodie
265 2282 424 2356 hahemus,
443 2299 539 2365 neque
555 2279 650 2365 pactis
665 2279 805 2343 constitui
824 2281 922 2363 posse,
942 2299 1038 2366 neque
1047 2299 1151 2348 revera
1161 2289 1256 2364 pacta

156 2415 240 2474 esse,
267 2418 335 2462 curn
354 2405 507 2480 pactorum
527 2401 651 2457 naturae
667 2394 749 2457 nullo
764 2371 853 2457 modo
868 2393 1063 2470 conveniant,
1085 2393 1176 2478 inque
1192 2392 1253 2458 ho-

155 2534 222 2578 rum
243 2509 375 2575 terminis
394 2508 564 2573 nullatenus
579 2507 752 2573 subsistant.
775 2508 861 2573 Hanc
881 2508 972 2591 igitur
990 2507 1173 2592 opinionem,
1193 2529 1252 2573 eu·

153 2614 201 2709 jus
217 2625 378 2690 salsitatem
396 2622 581 2705 detegimus,
611 2645 670 2689 non
689 2623 815 2708 amplius
832 2623 1038 2694 attendentes,
1066 2621 1254 2707 inquiremus

153 2740 222 2828 quid
242 2739 358 2826 proprie
376 2738 435 2804 sint
455 2738 617 2803 hodiernae
633 2738 874 2813 constitutiones,
900 2746 935 2802 ut
953 2737 996 2802 sic
1016 2736 1053 2802 de
1070 2736 1253 2804 monarchia

154 2850 387 2920 constitutionali
409 2855 517 2920 deinde
538 2863 619 2919 recte
641 2852 816 2933 judicemus.

197 2969 317 3033 Scilicet
334 2970 388 3034 ubi
409 2970 446 3034 de
464 2968 637 3046 monarchia
657 2967 795 3032 universe
813 2964 945 3049 egimus,
968 2965 1192 3044 observavimus
1212 2986 1252 3032 ex

154 3083 285 3147 naturali
311 3073 453 3149 relatione
480 3083 678 3166 Imperantem
705 3081 783 3145 inter
812 3090 842 3146 et
868 3082 1002 3148 subditos
1021 3080 1150 3148 derivari
1166 3082 1255 3163 leges

154 3197 307 3281 politicas,
337 3195 445 3282 quibus
463 3207 582 3261 externa
599 3197 719 3281 Imperii
739 3195 835 3261 forma
856 3196 1037 3282 exprimitur.
1061 3197 1124 3263 llas
1142 3208 1251 3269 auteur

153 3313 184 3376 in
213 3314 287 3377 duas
305 3299 420 3397 species
435 3310 657 3394 distinguendas
675 3331 738 3375 esse
756 3310 900 3378 diximus:
928 3312 1002 3377 alias
1018 3333 1138 3399 nempe,
1164 3333 1251 3401 quae

156 3408 267 3511 ubique
289 3427 410 3490 eaedem
436 3436 505 3492 suut
524 3431 578 3491 nec
597 3426 660 3520 tolli
682 3435 821 3510 possunt,
847 3435 951 3511 utpote
969 3447 1044 3513 quae
1063 3426 1196 3513 proxime
1212 3450 1250 3495 ex

104 3533 107 3538 ⁴
153 3542 217 3626 ipsa
244 3561 343 3605 rerum
371 3551 402 3605 et
427 3541 577 3605 societatis
603 3540 740 3624 politicae
765 3549 879 3617 ,natura
903 3551 1005 3627 sponte
1028 3541 1195 3626 profluant,
1218 3552 1250 3608 et

153 3636 230 3741 quae
247 3654 486 3720 fundamentales
504 3643 708 3739 appellantur,
729 3652 799 3740 quia
816 3654 873 3719 illis
889 3663 1033 3740 tanquam
1051 3657 1250 3724 fundamento

152 3768 256 3833 nititur
270 3766 392 3843 eivitas;
410 3769 486 3834 alias
505 3788 575 3834 vero
592 3768 726 3853 politicas
736 3769 852 3854 proprie
861 3769 903 3833 sic
915 3769 1256 3857 dictas,qoaequidem1

155 3904 191 3948 ex
210 3883 279 3969 ipsis
289 3882 403 3965 legibus
412 3883 685 3960 fundamentalibus
703 3883 894 3959 derivantur,
916 3883 968 3950 sed
980 3905 1056 3970 quae
1065 3886 1182 3971 proprie
1195 3907 1247 3975 ea-

153 4020 218 4064 rum
238 3998 459 4065 consecutiones
476 4008 506 4063 et
525 4000 608 4067 velut
626 3999 841 4083 progressiones
855 4007 941 4089 sunt,
962 4001 1011 4069 vel
1022 3999 1165 4076 formam,
1185 4022 1247 4088 qna

150 4114 360 4188 observentur,
382 4112 557 4197 respiciunt,
578 4133 713 4199 quaeque
729 4134 782 4198 pro
801 4112 917 4181 diverso
932 4115 1108 4198 populorum
1124 4117 1246 4200 ingenio

151 4235 203 4291 aut
225 4228 342 4294 diversa
364 4237 529 4312 temporum
551 4228 720 4294 conditione
741 4230 850 4294 mutari
872 4239 903 4293 et
924 4229 988 4296 tolli
1010 4238 1143 4314 possunt.

164 4358 169 4374 ’·
192 4339 263 4406 Jam
280 4361 351 4411 vero
368 4361 403 4408 ex
421 4361 457 4410 ea
475 4337 776 4431 legumpoliticarum
793 4342 968 4417 diversitate
983 4345 1115 4415 omnium
1133 4347 1245 4418 consti·
