2806 5324
1179 40 1249 191 a

127 482 211 560 illae
232 460 396 586 politicae
422 489 536 588 magis
554 434 675 561 firmat
693 496 780 563 iant
798 499 834 563 et
858 487 944 588 ipsis
956 482 1105 587 iegibus
1125 485 1205 560 fan·

27 696 32 705 ¹
121 610 376 687 damentalibus
399 614 496 711 velut
520 617 819 716 aequiparantur,
836 690 839 697 ,
855 627 892 691 et
913 628 1007 721 reete
1032 612 1205 723 quidem,
1247 680 1249 689 .

121 728 305 839 monim,
323 742 378 813 uti
394 743 446 817 ait
471 766 688 840 noceamus,
713 741 809 848 legas
827 724 1016 861 politicae,
1041 745 1075 816 si
1093 738 1211 849 mnae·

10 917 13 922 -
100 869 217 963 sint,
255 864 532 945 fundamentales
569 870 671 945 liunt
706 913 750 926 -
771 870 870 945 Haec
894 864 1007 971 igitur
1026 866 1102 944 sola
1125 864 1215 970 est',¹'

126 1018 217 1092 quae
254 997 346 1069 inter
378 994 616 1069 monarchiam
656 996 972 1085 constitutionalem
1011 1006 1046 1070 ct
1072 980 1210 1066 monor-²

124 1118 239 1193 chiam
272 1121 491 1221 simplicem,
531 1122 647 1221 qualis
681 1147 816 1222 semper
852 1122 942 1214 tuit,
973 1134 1009 1196 et
1037 1117 1144 1194 hodie
1169 1119 1205 1190 in

123 1247 304 1321 nonnullis
335 1247 537 1348 regionibus
554 1247 669 1323 adhuc
687 1260 766 1340 est,
783 1245 966 1322 intercedit
982 1244 1204 1348 differentiae

121 1372 181 1448 sed
213 1372 259 1445 ob
289 1401 396 1474 quam
417 1377 541 1449 merito
562 1377 668 1450 etiam
690 1374 890 1450 monarchia
910 1371 1205 1448 constitutionalis

121 1503 251 1601 optima
275 1499 428 1578 videtur.

617 1656 722 1790 n'v.
807 1820 810 1824 ,

163 1902 414 1977 Ministrorum
445 1902 620 2015 obligatio
655 1902 700 1978 ad
730 1870 882 1981 rationes
904 1868 1099 1978 reddendas
1123 1900 1204 2004 (rni-

115 2029 293 2104 aiatericle
330 2029 783 2128 vcrontwoordclijkdeid),
810 2032 877 2105 etsi
909 2031 947 2103 in
991 2054 1029 2103 se
1059 2031 1208 2136 omnino

109 2154 311 2256 probanda,
341 2160 378 2231 in
406 2157 504 2257 Lege
529 2156 804 2233 Fundamentali
827 2167 945 2232 nostra
957 2180 1036 2258 non
1061 2153 1209 2232 uidetur

120 2295 270 2382 recepta.
510 2295 512 2299 '
933 2302 941 2309 ’“

619 2499 703 2581 XV.
859 2548 863 2557 ·

57 2784 62 2793 Ι
161 2687 303 2762 Decisio
326 2687 640 2762 controversiarum
664 2688 755 2761 inter
781 2685 868 2761 duas
886 2686 1049 2787 pluresve
1064 2654 1212 2785 ornain·

24 2808 28 2819 ’
118 2813 190 2884 cias
223 2811 280 2886 vel
319 2812 475 2887 locorum
492 2812 836 2909 administrationes,
857 2817 892 2887 si
912 2812 955 2888 dc
977 2810 1134 2886 dominio
1160 2813 1213 2885 lis

117 2951 193 3012 orta
216 2941 288 3032 sit,
311 2941 505 3014 secundum
530 2941 664 3040 Legem
689 2941 808 3014 Fund.
833 2965 904 3019 non
928 2937 1218 3038 adRegem‚sed

1 3159 2 3164 ἵ
118 3064 163 3138 ad
186 3065 343 3166 judicem
369 3069 587 3141 ordinarium
611 3063 752 3141 serenda
766 3078 839 3162 est.

587 3310 589 3315 ·
612 3283 717 3359 xvl.

163 3465 385 3541 Mercaturae
404 3470 600 3544 libertatem
621 3475 658 3544 in
675 3473 772 3544 omni
788 3467 980 3543 industriae
1000 3492 1127 3569 genere
1141 3496 1216 3546 uno

115 3589 304 3692 eodemque
340 3600 504 3695 temporis
541 3611 671 3694 puncto
705 3595 939 3671 introductam
978 3596 1214 3694 perniciosam

114 3719 213 3811 tore,
245 3723 369 3794 merito
393 3735 510 3796 censet
525 3702 772 3798 uouaunoamus
793 3721 953 3823 (Lettrcr
976 3745 1040 3794 aur
1057 3718 1094 3791 la
1107 3745 1211 3815 proa-

113 3838 228 3942 pe'ritd
255 3845 449 3949 pontique).

602 4003 729 4081 xvn.

165 4157 402 4263 Privilegium
440 4186 608 4259 magnum
639 4159 778 4235 Mariae
815 4153 1065 4258 Burgundicae
1082 4155 1166 4256 jura
1189 4183 1211 4228 a

116 4281 283 4383 Philippo
303 4286 343 4361 11
362 4287 430 4361 fuit
450 4283 670 4384 abrogatum.
