2806 5324
591 333 713 452 ot'

103 562 154 628 2⁰.
180 583 195 621 n
207 563 343 629 Potestas
361 566 532 640 execnlira,
553 588 628 661 quac
646 570 676 632 in
699 568 787 632 rebus
805 568 927 633 internis
946 567 1154 634 administran-
1221 580 1225 594 '

61 682 139 745 ndis
162 686 311 752 versatur,
334 682 476 745 committi
502 681 810 753 deterrimarum,
838 691 992 766 propterea
1016 685 1093 770 quod
1121 705 1156 747 ea

63 791 317 876 »gubernationis
341 813 438 879 pars,
470 816 547 881 quae
575 816 690 880 semper
723 795 786 892 lere
817 796 963 861 actionem
989 808 1154 881 promptam

62 905 206 994 »qaction
229 909 439 996 nunanlane'e)
463 911 606 996 requirit,
629 912 736 974 melius
766 911 804 975 ab
832 931 1002 996 uunquam
1024 931 1042 975 a
1063 912 1155 996 pluri·-

63 1024 148 1090 nbus
166 1023 392 1090 administratur
403 1050 418 1086 s
430 1023 487 1109 (l).
510 1024 588 1108 Ergo
602 1033 731 1109 potestas
742 1024 900 1088 execulira
915 1025 975 1109 ipse
990 1021 1154 1090 Monarcha

60 1140 126 1206 sive
143 1139 295 1225 Imperans
317 1147 372 1202 est.

106 1252 271 1335 Hucusque
291 1271 535 1333 nornesomrvro
555 1251 692 1317 lubenter
716 1249 899 1318 assentimus.
921 1251 1024 1317 Solum
1045 1251 1156 1318 exami-

60 1367 164 1433 nanda
181 1375 276 1432 restat
295 1373 425 1451 potestas
445 1365 620 1448 legislativa.
1206 1354 1214 1365 ”

105 1482 189 1563 Quid
212 1501 283 1548 vero
298 1489 368 1545 snut
386 1481 491 1562 leges?
512 1467 685 1566 Respondet
703 1482 766 1567 ipse
783 1500 1062 1554 uomnsournvrus:
1086 1482 1156 1544 nle-

63 1615 143 1678 »ges
158 1605 228 1661 sunt
241 1592 400 1660 relationes
417 1594 621 1671 necessariae,
640 1616 718 1681 quae
733 1595 849 1680 exipsa
864 1610 963 1658 rernm
979 1602 1086 1659 natura
1098 1595 1155 1657 de-

63 1707 229 1776 »rirautur
250 1707 338 1793 (2).»
376 1707 416 1773 Et
441 1706 507 1773 aliis
532 1709 632 1775 verbis
657 1711 737 1775 idem
760 1707 831 1775 dicit
863 1730 1061 1775 nonssnvmss
1094 1717 1157 1772 «ut

62 1823 178 1890 »firma
194 1843 259 1888 esse
278 1830 309 1887 et
325 1821 435 1887 durare
451 1823 543 1906 possit
560 1830 758 1908 unaquaeque
777 1825 899 1896 civitas,
923 1824 1081 1888 relationes
1096 1843 1154 1888 na·

62 1938 203 2006 »turales
218 1944 249 2002 et
266 1936 347 2019 leges
365 1936 522 2003 convenire
541 1956 656 2023 semper
672 1938 782 2004 debent
802 1939 833 2005 in
850 1939 958 2004 idem»
981 1939 1041 2024 (3).
1166 1926 1169 1939 ’

106 2051 200 2116 Hanc
217 2049 418 2116 definitionem
433 2051 553 2115 omnino
571 2049 747 2135 probamus:
769 2053 822 2116 sed
840 2072 876 2116 ex
894 2072 929 2144 ea
946 2052 1052 2115 merito
1072 2050 1154 2115 inle-

47 2165 175 2240 'rimus,·
196 2165 277 2247 leges
295 2162 547 2237 fundamentales,
571 2165 652 2246 leges
669 2164 820 2249 potiriaas,
845 2165 924 2247 leges
933 2164 1035 2232 civiles
1054 2161 1160 2228 relati·
1271 2242 1273 2249 Ι

60 2274 228 2352 armasse,
247 2296 332 2362 quae
346 2299 385 2341 er
402 2273 468 2363 ipsa
483 2299 582 2342 rerum
597 2285 709 2343 notura
726 2276 913 2344 derivantur.
930 2309 933 2316 ¹

107 2390 186 2458 Hinc
207 2398 328 2465 autem,
340 2409 409 2454 cum
431 2391 511 2472 leges
532 2390 607 2455 nihil
625 2392 685 2457 sint
699 2391 762 2458 nisi·
775 2390 936 2458 relationes
954 2388 1153 2464 necmsarioa',

59 2523 140 2590 quae
162 2523 199 2566 ex
219 2502 283 2588 ipsa
303 2523 401 2568 rerum
433 2514 540 2568 natura
568 2505 760 2580 derivantur,
785 2508 944 2596 relationes
965 2508 1034 2571 illae
1057 2528 1156 2570 neces·

59 2615 148 2682 sorio
165 2639 282 2704 quoque
303 2615 540 2693 constituuntur,
557 2627 587 2683 et
604 2620 761 2704 quominus
783 2620 1002 2688 constituantur
1024 2620 1158 2686 homines

59 2732 101 2795 ad
122 2740 240 2816 tempus
257 2732 377 2818 quidem
399 2732 542 2817 impedire
564 2741 703 2816 possunt,
734 2734 787 2797 sed
815 2733 958 2799 invictum
980 2752 1078 2799 rerum
1102 2754 1163 2798 na·-

59 2851 162 2910 turam
180 2847 302 2931 penitus
320 2855 438 2913 mutare
460 2868 519 2912 non
541 2847 653 2914 valent.
684 2845 875 2911 Rousanvms
906 2847 997 2923 dixit,
1031 2848 1155 2933 eiusque

59 2962 264 3039 testimonium
295 2963 431 3030 veritato-
451 2980 615 3043 congruens
643 2959 766 3027 minime
795 2970 839 3025 est
861 2961 1073 3040 rejiciendum:
1097 2982 1113 3021 o
1123 2963 1155 3030 Si
1259 2953 1263 2959 ”

61 3076 124 3141 nle'
138 3078 311 3161 legislateur
331 3097 362 3142 sc
384 3085 538 3162 trompant
555 3076 629 3140 dans
650 3096 703 3139 son
724 3075 823 3153 objet,
847 3078 937 3161 prend
958 3100 1002 3152 ‚un
1023 3079 1155 3162 principe

60 3187 232 3278 »different
251 3191 290 3259 lie
310 3187 388 3255 celui
403 3187 460 3276 qui
481 3188 546 3254 nail
567 3188 605 3254 de
625 3190 657 3253 ta
684 3196 794 3254 nalme
819 3187 871 3253 des
894 3187 994 3254 choses
995 3235 1050 3255 .....
1074 3192 1158 3255 l'ctat

60 3325 127 3369 »ns
147 3325 265 3381 cassera
286 3306 382 3371 d’dtrc
404 3303 506 3386 agite,
530 3303 650 3387 jusqu'd
682 3323 716 3366 ce
738 3320 796 3386 que
818 3323 853 3367 ce
875 3303 1004 3388 principe
1025 3305 1082 3367 soit
1104 3302 1156 3368 dii

62 3415 163 3483 struit
183 3440 222 3483 ou
244 3418 382 3507 cionge',
410 3423 441 3483 el
467 3440 526 3503 que
555 3413 734 3480 linrinrible
760 3421 869 3481 nature
898 3414 943 3480 nil
973 3413 1070 3503 rcpris
1101 3438 1161 3481 son·
1216 3502 1219 3507 ἱ

63 3513 314 3618 »empireum
1049 3619 1051 3624 ³

102 3645 253 3711 Naturam
279 3646 346 3711 ideo
362 3666 415 3711 scu
433 3645 600 3728 generalem
615 3644 764 3709 societatis
782 3645 967 3711 voluntatem
984 3645 1015 3710 in
1031 3645 1153 3713 civitate

60 3762 142 3842 leges
159 3760 259 3825 iacere
277 3782 335 3825 non
353 3760 477 3825 dubium
498 3769 559 3839 est;
578 3768 608 3823 ct
624 3759 734 3844 duplici
751 3758 870 3851 quidem
889 3759 993 3823 modo:
1114 3844 1119 3853 ι

105 3875 153 3940 vel
190 3874 270 3938 enim
306 3875 337 3937 in
368 3872 489 3939 civitate
515 3875 742 3939 consuetudines
773 3871 954 3948 introducit,
986 3891 1064 3958 quae
1094 3872 1155 3936 vim
1253 3928 1255 3933 .

78 4075 120 4134 (l)
138 4073 232 4137 Erprit
249 4073 292 4122 das
308 4071 370 4130 lois,
387 4087 443 4137 pap.
461 4069 502 4122 95.
1212 4132 1217 4140 Ι

74 4169 122 4232 Ω)
139 4164 244 4216 lbid.1s
262 4166 284 4214 l.
301 4147 335 4213 Cf.
351 4164 413 4214 iulrn
430 4181 486 4230 pag,
503 4165 551 4227 dl,
569 4180 618 4229 quo
634 4165 690 4218 loeo
706 4165 778 4230 hujus
794 4160 1018 4215 delinitionis-ratio
1029 4162 1165 4226 exponitur.
1227 4142 1230 4153 ⁵

76 4259 117 4319 (3)
136 4259 224 4310 Conlr.
242 4259 300 4310 Soc.
316 4259 349 4310 ΙΙ.
368 4261 406 4310 tl.

74 4357 118 4415 (4)
136 4352 223 4405 cauo.
240 4353 298 4412 Sao,
316 4352 349 4404 Π.
369 4355 407 4404 tl.
422 4354 448 4403 in
465 4354 507 4403 lin.

308 4454 326 4497 ἃ
