2806 5324
623 394 671 468 17

100 629 104 637 .
137 573 283 663 Plerique
300 579 380 646 enim
400 582 485 667 apud,
501 581 665 648 Genuanos
682 581 817 647 Auream
835 580 958 647 Baiiam
976 591 1006 647 ci
1029 581 1187 671 Capitulu-

40 738 42 742 .
85 688 205 766 tiones,
234 692 314 777 apud
341 693 468 762 Polouos
486 696 587 761 Pacta
607 695 781 771 Conventa,
805 696 885 782 apud
907 697 1020 778 Augias
1038 695 1187 784 Magnam

89 803 246 873 Chartam
272 806 402 889 allegant
428 819 572 895 tanquam
600 811 681 894 leges
708 810 949 877 fundamentales
973 811 1118 895 positivus
1134 832 1187 896 per

86 929 181 1005 pacta
207 920 272 986 sive
298 923 508 989 conventiones
535 922 641 989 iactas.
664 920 774 992 Verum
795 924 885 989 tacite
903 925 1023 991 videtur
1040 925 1186 1010 probatu,

90 1031 171 1097 baec
194 1032 317 1098 minime
336 1045 425 1119 pacta
444 1037 493 1102 vel
518 1037 728 1103 conventiones
747 1037 848 1103 fuisse.
870 1038 930 1103 Sed
952 1060 1011 1124 quo
1027 1041 1123 1122 magis
1139 1062 1200 1106 or·-

87 1149 162 1214 dine
182 1150 419 1234 progrediamur,
440 1152 569 1237 primum
586 1153 707 1240 quidem
727 1173 763 1217 ex
781 1153 843 1238 ipsa
860 1153 940 1237 pacti
960 1154 1081 1219 notione
1100 1175 1187 1221 mon·

85 1272 185 1328 stram
203 1263 396 1341 conabimur,
416 1266 531 1330 nullam
549 1267 646 1347 legem
666 1264 923 1330 fundamentalem
941 1274 1030 1350 pacto
1047 1268 1096 1334 vel
1114 1288 1187 1334 cou-

84 1376 229 1447 ventione
240 1377 381 1442 constitui
398 1398 497 1461 posses
519 1379 628 1443 deinde
640 1399 711 1448 vero
728 1379 860 1463 singula,
879 1391 1182 1464 quaememcrantur,

83 1490 223 1575 exempla
242 1489 282 1556 ad
298 1510 421 1556 examen
436 1492 653 1559 reuocabimus.

132 1603 215 1682 Quid
237 1605 317 1670 euim
338 1615 383 1671 est
405 1609 551 1691 pactumi
573 1607 768 1691 respondetur
783 1618 904 1693 pactum
926 1628 989 1674 esse
1009 1611 1198 1680 conventio--

82 1739 157 1784 nem
183 1719 262 1783 inter
291 1719 367 1784 duas
393 1721 531 1806 pluresve
554 1741 694 1805 personas
716 1719 834 1788 initam.
865 1722 1027 1787 Factorum
1045 1744 1117 1791 uero
1139 1725 1186 1793 vis

81 1834 208 1899 omuino
226 1833 333 1897 nititur
350 1833 416 1912 jure
431 1836 712 1922 positivo,quocum
722 1837 812 1915 adeo,
828 1846 863 1903 ut
872 1839 974 1906 ualere
985 1839 1089 1923 possit,
1107 1860 1184 1904 con·

82 1947 191 2018 venire
207 1946 298 2011 etiarn
309 1947 409 2014 debet.
430 1947 510 2032 Ergo
527 1949 579 2014 ubi
596 1951 634 2015 dc
650 1961 739 2035 pacto
757 1950 937 2034 cogitamus,
954 1952 1044 2018 simui
1065 1953 1103 2018 de
1120 1954 1186 2034 jure

81 2062 213 2156 positivo
233 2063 333 2148 aliquo
352 2063 514 2146 cogitemus
531 2083 650 2128 necesse
670 2073 724 2128 est.
748 2065 859 2132 Verum
874 2076 957 2131 extra
975 2067 1128 2136 civitatem
1137 2068 1185 2149 jus

82 2180 163 2244 iilud
176 2179 287 2244 baberi
305 2178 423 2264 nequit,
441 2178 470 2242 id
491 2179 572 2264 quod
591 2189 654 2244 tam
672 2179 810 2248 universe
832 2180 869 2244 de
887 2179 1025 2246 omnibus
1040 2203 1130 2267 quam
1146 2182 1184 2246 dc

82 2293 267 2380 pactissivc
286 2291 531 2360 conventionibus
547 2293 642 2368 vaiet,
668 2314 760 2378 quum
778 2293 852 2373 juris
867 2294 986 2378 positivi
1007 2313 1043 2358 ea
1067 2304 1112 2359 cst
1128 2315 1184 2360 na·

82 2417 171 2480 tura,
203 2417 235 2472 ut
261 2404 426 2471 necessario
448 2415 623 2490 potestatem
651 2408 796 2493 aliquam,
825 2408 912 2488 cuius
938 2429 993 2495 ope
1015 2409 1136 2474 defendi
1154 2419 1185 2476 et

84 2521 235 2588 vindicari
262 2521 374 2608 possit,
403 2510 545 2605 requirat.
582 2518 762 2585 Essentialia
786 2542 857 2593 vero
880 2525 1112 2590 conventionum
1136 2545 1184 2591 re·
1266 2548 1270 2558 ·

81 2636 212 2723 quisita,
238 2656 273 2700 ex
292 2636 400 2723 quibus
415 2656 489 2704 vera
507 2618 661 2718 obligandi
681 2657 772 2702 causa
791 2638 978 2721 producitur,
1000 2640 1112 2728 ubique
1131 2642 1185 2706 de·

80 2751 169 2816 finita
185 2759 272 2825 sunt,
295 2770 392 2835 eaque
408 2749 508 2816 omnia
527 2750 593 2829 jure
613 2770 732 2836 quoque
747 2749 875 2835 positivo
890 2752 946 2816 niti
964 2773 1053 2818 nemo
1069 2755 1184 2821 inficia-

79 2864 177 2930 bitur.
203 2863 261 2928 Jus
284 2874 386 2929 autem
403 2864 564 2950 positivum
586 2863 662 2928 nihii
691 2863 773 2928 aliud
802 2873 847 2928 est
873 2865 938 2930 nisi,
959 2886 1080 2946 eorum,
1105 2889 1183 2955 quae

81 2999 142 3064 per
162 2999 194 3043 se
219 2977 300 3058 justa
318 2987 401 3052 sunt,
424 2979 463 3043 nd
490 2973 647 3043 relationes
666 2977 820 3043 homiuum
847 2978 883 3043 iu·
909 2979 1052 3046 societate
1069 2983 1184 3054 viven-

79 3091 161 3156 tium
190 3093 440 3159 accommodatio:
466 3093 547 3158 unde
569 3094 675 3158 merito
704 3091 763 3159 dici
790 3103 900 3180 potest,
929 3095 977 3174 ius
1005 3097 1125 3164 demum
1152 3102 1184 3166 iu

71 3204 207 3294 *civitate
236 3227 341 3277 revera
372 3207 497 3273 existere
524 3207 587 3275 sive
619 3206 825 3274 efficacitatem
858 3210 1002 3295 accipere.
1043 3211 1183 3280 Antebac

79 3322 164 3388 enim
190 3326 275 3411 quasi
304 3343 425 3407 germen
442 3321 592 3408 quoddam
614 3329 672 3396 est,
698 3323 778 3406 quod
798 3332 878 3388 terra
897 3344 1097 3409 compressum
1113 3328 1182 3393 abs-

78 3438 235 3516 conditur,
267 3459 366 3524 equo
392 3435 530 3521 deinceps
556 3436 588 3499 in
614 3414 713 3499 lucem
731 3434 830 3518 prodit
857 3437 951 3502 veluti
981 3440 1070 3505 arbor
1086 3445 1183 3510 uadi.

77 3572 141 3637 que
170 3551 279 3619 diffusa
307 3551 397 3617 ramis
424 3548 629 3615 attactibus
654 3547 821 3614 utilissima.
860 3549 901 3616 Et
928 3557 1192 3643 quemadmodum

77 3686 203 3750 germen
235 3677 318 3732 extra
339 3675 450 3731 terram
478 3683 632 3750 nunquam
657 3664 816 3739 excrescit,
842 3686 899 3739 ncc
928 3669 1017 3735 arbor
1040 3671 1113 3737 {ieri>
1130 3695 1183 3759 po-

78 3789 156 3857 test,
183 3781 228 3845 ita
255 3800 375 3868 quoque
400 3780 449 3859 jus
476 3779 509 3843 in
535 3779 599 3842 sola
629 3777 750 3844 ciuitate
776 3787 931 3849 externum
959 3785 1096 3850 redditur
1118 3787 1182 3857 sive
1291 3776 1294 3780 ’
1358 3762 1364 3771 ’

78 3893 211 3959 exerceri
236 3903 392 3979 potestat
418 3893 503 3963 velut
529 3891 785 3976 esseiucipit.1n
815 3894 936 3965 civitate
955 3898 1075 3965 demum
1095 3901 1184 3969 homo
1300 3953 1303 3958 .

78 4009 182 4074 existit
208 4028 280 4079 vere
304 4007 468 4081 humanus,
492 4004 620 4075 rationes
652 4005 831 4072 contrahens
856 4028 925 4074 cum
945 4010 1195 4099 similibus,¹ut-„

78 4131 152 4209 pote
167 4123 200 4187 in
217 4144 276 4209 qua
294 4124 473 4190 voluntatem
494 4130 524 4186 et
536 4118 701 4186 libertatem
716 4131 746 4185 et
758 4120 834 4208 jara
852 4125 989 4211 acquirat
1007 4137 1036 4192 et
1047 4128 1103 4193 hoc
1115 4151 1184 4197 mo-

83 4238 125 4302 do
144 4235 351 4322 personabat.
373 4236 472 4323 Atque
489 4236 520 4303 ib
540 4237 662 4305 civitate
683 4235 778 4301 oritur
796 4237 976 4319 dominium,
997 4263 1032 4308 er
1052 4222 1182 4315 dominic

79 4360 249 4419 nascuntur
265 4360 369 4438 pacta,
391 4360 421 4420 et
439 4372 474 4417 ex
492 4351 588 4437 pactis
604 4372 708 4438 rursus
726 4372 816 4419 causa
836 4353 970 4424 dominii.
988 4359 1182 4434 ,Pacta'vero

1075 4476 1094 4538 3
