2806 5324
143 562 354 633 »monarcir'o
373 567 521 631 reiutier
537 566 618 632 sonte
640 568 739 655 atiquo
760 570 888 636 derivari
909 571 1103 645 videbantur,
1123 556 1241 655 omnia„-

142 702 233 767 »que
249 682 289 746 ad
307 680 397 760 bujus
416 681 571 746 commoda
589 692 619 746 et
639 684 729 748 decus
750 683 966 750 referebantur.
992 686 1087 751 Urbes
1106 678 1240 770 quoqne,

106 814 109 833 ²
141 795 292 879 »quoties
311 795 529 883 supplicarent,
550 799 683 862 oratione
699 799 863 863 utebantur
877 819 992 884 semper
1010 799 1116 865 bumiii
1128 809 1157 865 et
1167 799 1240 864 subi

141 907 282 983 missa,
300 909 390 973 etiam
409 930 477 974 cum
495 920 593 977 essent
609 911 845 986 incitatissimae,
868 910 922 977 neo
942 932 1074 998 unquam
1091 914 1130 978 de
1148 934 1240 999 prae-

103 1038 109 1113 s
141 1021 309 1102 »rogatira
339 1020 431 1103 Regis
455 1042 551 1087 sermo
568 1023 739 1090 habebatur
754 1024 809 1091 nisi
827 1025 926 1092 verbis
943 1026 1086 1108 gravibus
1104 1028 1238 1113 splendi-

81 1154 109 1181 2'
141 1135 278 1220 udisque
283 1177 378 1208 ......
401 1144 495 1200 caetu
518 1136 579 1223 (l).
662 1128 669 1146 ⁴

187 1251 221 1316 6.
252 1286 295 1300 —-
316 1248 362 1312 En
389 1247 471 1314 bisce
497 1251 634 1317 omnibus
659 1253 761 1338 itaque
788 1260 927 1337 apparet,
955 1253 1125 1337 libertatem
1152 1257 1241 1321 iiiam*

108 1400 111 1459 ζ
137 1356 298 1449 politicam
314 1370 343 1426 et
363 1361 500 1439 civilem,
519 1385 579 1449 qua
595 1385 650 1429 usa
660 1374 704 1429 est
715 1365 843 1448 Anglia,
865 1374 1038 1450 apotestate
1052 1350 1240 1443 manarisse,

108 1462 111 1569 ἶ
141 1496 224 1563 quae
253 1476 320 1554 jam*
343 1482 413 1539 ante
443 1478 607 1541 ucundnn
635 1487 732 1542 certas
760 1480 839 1561 leges
858 1479 1018 1544 constituta
1036 1491 1127 1557 erat,
1145 1503 1200 1548 nec
1219 1505 1241 1548 a
1266 1508 1268 1516 ·

108 1608 112 1673 ξ
140 1590 352 1659 voluntatibus
371 1591 494 1674 privatis
514 1600 566 1655 ant
585 1591 747 1657 collectivis
765 1594 862 1676 popuii
885 1593 1040 1672 cujusdam
1061 1595 1239 1679 imperantis

105 1710 112 1793 f
139 1697 310 1791 proiectam
334 1704 436 1770 tuisse.
465 1701 606 1769 Absurde
629 1705 696 1771 ideo
714 1724 772 1770 non
788 1706 887 1772 minus
905 1729 996 1794 quam
1013 1698 1148 1777 invalida
1168 1719 1239 1777 sun't

107 1796 112 1827 ⁷
139 1839 249 1885 eornm
274 1829 463 1902 argumento,
483 1819 534 1906 qui
554 1819 709 1883 Summum
727 1820 886 1905 Imperium
907 1824 1006 1908 populi
1024 1825 1057 1888 iu
1073 1819 1184 1906 Angiia
1201 1842 1239 1888 er

108 1952 111 1957 '
140 1933 261 2016 urigine
288 1940 319 1996 et
349 1942 458 1997 natura
482 1932 650 2013 systematis
674 1924 918 2016 repraesentativi
941 1935 1060 2021 probari
1078 1912 1234 2002 conantur.

106 2124 110 2131 Ι
139 2050 217 2112 Jam
247 2064 331 2122 vero,
360 2054 394 2110 ut
426 2065 547 2110 cansam
580 2054 712 2111 nostram
735 2047 890 2128 gloriosius
911 2048 1010 2114 adbuc
1033 2050 1236 2128 obtineamus,

106 2140 109 2145 ¹
140 2171 323 2243 argumenta
345 2169 511 2245 repetemus
534 2181 569 2225 er
591 2163 654 2246 ipsa
676 2161 799 2227 bistoria
821 2161 965 2244 Angliae,
989 2184 1026 2229 ex
1041 2164 1238 2230 famosissima

80 2266 109 2353 γ’
141 2276 262 2341 scibcet
290 2276 343 2340 iiia
365 2295 465 2338 rerum
487 2258 696 2346 coniersione,
728 2296 787 2361 qua
809 2277 981 2342 constitutio
1004 2268 1068 2358 eius
1089 2278 1239 2363 popularis
1275 2280 1289 2315 ‘'

80 2364 81 2383 Χ
142 2391 301 2474 regiminis
320 2390 448 2476 speciem
468 2390 506 2453 ad
528 2397 643 2472 tempus
664 2388 798 2474 accipere
817 2390 878 2457 visa
896 2400 957 2465 est,
979 2400 1106 2477 etquam
1116 2391 1240 2455 Summo

107 2498 110 2503 ’
144 2505 277 2591 Imperio
298 2504 408 2589 popuii
419 2504 560 2588 optimam
577 2501 664 2566 fidem
685 2503 784 2568 sacere
795 2504 956 2570 adversarii
967 2506 1060 2569 nostri
1070 2503 1239 2589 perbibent.
1318 2519 1321 2524 ’

106 2630 109 2639 “
191 2619 315 2684 Scilicet
337 2603 414 2681 anuo
437 2618 517 2682 1647
536 2618 574 2682 ad
593 2617 681 2682 finem
701 2627 842 2699 vergente
861 2617 952 2682 duces
962 2619 1113 2704 praecipui
1126 2619 1241 2701 Regem
1274 2648 1277 2652 ⁴

145 2755 296 2802 cruorum
314 2733 329 2797 1
345 2732 465 2817 publice
484 2733 516 2796 in
533 2733 679 2811 judicium
698 2752 805 2799 vocare
821 2733 1028 2796 decreverunt.
1052 2731 1107 2796 Cui
1119 2732 1241 2796 consitio

101 2888 105 2897 ·
145 2847 295 2934 paulatim
313 2849 443 2915 assuevit
462 2848 605 2932 populus,
629 2846 820 2930 hominesque
837 2845 1030 2909 democratici
1042 2855 1167 2910 mortem
1179 2845 1252 2910 us.

106 3002 114 3023 ·.
147 2966 195 3048 gis
213 2964 359 3028 clamose*
368 2969 518 3046 optarunt.
555 2986 558 2992 ¹

101 3070 110 3137 .’
194 3079 306 3147 Verum
332 3076 428 3163 primo
456 3075 576 3160 quidem
597 3095 656 3138 nou
674 3075 861 3160 omnes,.qui
878 3084 982 3138 eontra
1000 3073 1114 3158 Regem
1132 3075 1242 3138 sentiee

107 3200 112 3267 ξ
149 3195 244 3268 bant,
271 3193 339 3256 ideo
364 3189 572 3254 monarchia-m
598 3189 829 3253 aversabantur:
857 3189 971 3253 multae
989 3189 1069 3253 enim
1087 3187 1244 3252 conciones
1357 3195 1363 3208 '

149 3305 277 3371 babitae
297 3314 384 3377 sunt,
403 3305 433 3367 in
453 3303 560 3389 quibus
576 3303 653 3367 serio
669 3304 866 3367 deliberatum
882 3311 943 3376 est,
956 3311 991 3365 ut
1002 3319 1244 3371 unusexcauonr

108 3404 111 3409 ¹
150 3420 256 3486 liberis
282 3437 381 3507 regno
396 3415 615 3502 praeficeretur.
646 3414 691 3480 ric
722 3417 845 3491 deinde,
870 3415 940 3479 licet
957 3434 1067 3480 cauom
1085 3421 1246 3477 sectatores

109 3506 112 3519 Ι
150 3533 299 3613 majorem
317 3531 417 3618 populi
433 3541 547 3615 partem
566 3552 626 3596 non
643 3531 806 3607 efficerent,
823 3540 924 3594 tamen
931 3530 1026 3593 multo
1034 3527 1135 3612 plures
1144 3532 1244 3602 erant,

107 3646 111 3715 ῗ
152 3658 247 3735 quam
278 3647 335 3731 qui
357 3654 482 3709 mortem
514 3644 578 3722 ejus
600 3633 792 3727 requirebant
814 3654 867 3709 aut
889 3643 979 3708 etiam
1002 3639 1247 3727 comprobabant.

107 3744 111 3763 ²
151 3763 273 3828 Tantae
291 3770 362 3839 vero
379 3757 680 3834 multitudinisfirma
701 3760 731 3823 in
751 3760 953 3844 qualicunque
963 3779 1052 3823 cansa
1064 3757 1245 3843 permansio,

107 3914 111 3953 ς
152 3874 321 3945 victoribus
346 3875 488 3960 puniendi
511 3873 558 3953 jus
579 3892 694 3959 semper
711 3873 834 3949 adimit,
866 3874 922 3939 nisi
946 3885 1093 3959 quatenus
1118 3873 1249 3957 ipsorum
1324 3954 1327 3959 .

105 3964 110 4005 ³
153 3989 302 4058 securitas
319 3997 372 4053 aut
388 3988 472 4069 justa'
488 3989 635 4072 reparatio
655 3988 762 4071 exigat.
786 3987 888 4073 Atque
905 3988 961 4054 boc
979 3998 1186 4070 argumentum
1197 4006 1251 4053 va·

106 4112 110 4193 3
153 4106 234 4172 leret
264 4103 372 4180 etiam,
396 4103 421 4167 si
438 4102 556 4167 Canon
574 4101 719 4182 judicium
736 4102 861 4187 populus
878 4123 931 4188 per
950 4098 1096 4186 legitimos
1114 4122 1182 4166 snos
1200 4121 1252 4167 re-
1364 4111 1367 4117 ’

105 4202 129 4307 {v
153 4212 383 4311 praesentantes
401 4226 500 4282 ratum
518 4216 683 4282 habuisset.
706 4207 765 4282 Sed
785 4216 892 4283 caedes
908 4217 972 4297 ejus
989 4223 1159 4303 perpetrate
1178 4226 1254 4287 esta

179 4358 224 4426 (t)
244 4359 292 4427 Op‘⁸
313 4357 401 4414 troi.
416 4357 463 4412 111.
479 4339 553 4411 ob.8
569 4355 704 4426 pestiis
721 4356 766 4414 tin,
1214 4347 1217 4352 ’

1146 4449 1173 4539 ’6.

1187 4852 1366 5016 1-1
