2806 5324
671 387 751 465 tou

166 572 259 640 verba
279 572 352 657 legis
368 571 636 659 interpretabaturr
657 578 709 663 qui
728 597 780 664 per
798 575 965 659 analogiam
984 595 1002 638 a
1021 593 1093 640 casu
1105 575 1173 658 lege
1183 595 1278 645 com-2

166 689 312 773 prehenso
328 689 367 753 ad
386 710 488 753 casum
506 690 657 769 objectum
675 693 865 777 disputabat;
887 689 995 762 verbo,
1015 689 1067 774 qul
1086 691 1180 755 nmis
1198 699 1269 755 ute·

168 805 275 881 batur,
301 824 380 890 qnae
407 805 560 869 doctrinae
587 807 774 871 abundantia
803 815 833 870 et
862 813 1067 870 consummata
1095 805 1139 868 rei
1157 805 1268 870 notitia

166 920 315 985 adserens
328 921 527 1003 ignorantiam
548 921 691 1007 praebere
710 922 794 988 solet.
826 921 956 1005 Ideoque
976 921 1029 985 nbi
1047 900 1148 1004 legum
1168 920 1268 984 inter·

112 1020 117 1037 ⁸
167 1035 294 1119 prelatio
312 1034 458 1102 difficilior
475 1055 639 1123 earumque
657 1037 816 1123 applicatio
833 1035 1018 1122 frequentior
1027 1043 1181 1108 evaserat,
1202 1035 1267 1118 ipsa

165 1170 266 1215 rerum
293 1159 400 1215 natura
428 1152 539 1227 suasit,
565 1173 603 1218 ne
622 1153 750 1238 amplius
769 1171 878 1216 munus
898 1149 1044 1226 eiusmodi
1062 1151 1094 1216 in
1112 1159 1268 1235 posterum

165 1263 282 1329 obirent
301 1263 455 1343 homines,
486 1288 562 1352 qnos
583 1267 643 1332 alia
661 1267 781 1349 negotia
798 1267 895 1330 multa
912 1274 1112 1350 occuparent,
1137 1265 1199 1329 sed-
1212 1265 1266 1349 qui

165 1377 198 1443 in
226 1377 302 1457 illud
332 1401 450 1446 omnem
472 1401 593 1468 operam
614 1381 768 1458 conferre,
791 1400 883 1467 seque
904 1379 937 1445 in
958 1398 995 1444 co
1016 1386 1094 1444 totos
1116 1379 1267 1446 collocare

37 1558 43 1569 χ
166 1503 342 1577 possent.

208 1607 345 1673 Tandem
364 1628 449 1693 reges
469 1606 646 1708 potestatem
666 1627 770 1684 suam,
794 1627 872 1694 quae
890 1607 1078 1674 dominorum
1095 1609 1267 1693 usurpatio·

166 1721 255 1787 nibus
271 1742 346 1809 pene
365 1725 510 1790 exstincta
529 1725 648 1798 luerat,
668 1726 768 1790 denuo
787 1743 980 1807 recuperare,
1003 1738 1183 1807 omnemque
1199 1745 1266 1789 mo·

164 1839 320 1905 marchiam
350 1840 387 1903 ad
415 1840 549 1904 nativam
568 1821 775 1905 conditionem
785 1838 928 1903 reducere
947 1837 1055 1902 merito
1071 1836 1267 1905 studuerunt.

165 1953 200 2019 ln
226 1952 311 2018 hunc'
333 1954 425 2037 igitur
450 1953 550 2019 finem·
565 1953 852 2019 administrationem
879 1951 1011 2032 justitiae
1035 1951 1073 2015 ad
1093 1972 1125 2016 ee
1143 1952 1269 2038 propius

165 2078 362 2143 revocarunt,
394 2079 429 2135 ut
450 2070 493 2135 sic
516 2080 545 2136 et
567 2071 708 2156 populum
730 2069 787 2134 sibi
809 2069 905 2151 magis
927 2067 1130 2141 devincirent,
1163 2075 1195 2130 et
1217 2066 1267 2131 ni·

107 2212 113 2229 ·
165 2181 245 2245 miae
268 2182 448 2248 vasallorum
470 2202 591 2249 suorum
609 2183 796 2248 auctoritatis
813 2182 909 2267 ipsum
929 2180 1158 2249 fundamentum
1176 2202 1272 2251 erere

170 2305 280 2362 terent.

250 2411 300 2476 Ob
318 2422 592 2498 supramemoratas
611 2414 714 2499 itaque
734 2434 859 2488 causes,
881 2431 917 2478 en
936 2410 1111 2477 necessitate
1130 2412 1268 2497 quadarn

165 2526 311 2606 justitiam
328 2528 470 2594 -lacieudi
500 2549 622 2617 munere
640 2549 658 2593 a
677 2548 750 2593 cura
768 2529 811 2593 rei
829 2526 967 2593 militaris
984 2536 1138 2612 separato,
1166 2527 1268 2595 domie

165 2641 240 2709 uicis
257 2645 348 2710 curiis
367 2644 476 2709 sensim
496 2643 658 2709 substituta
676 2653 746 2711 sunt
764 2641 950 2720 ememtes,
973 2664 1101 2728 quorum
1119 2652 1267 2728 perpetua

165 2770 210 2825 est
238 2760 414 2840 jurisdictio.
448 2760 532 2841 Quos
560 2779 631 2826 reru
649 2768 678 2823 et
699 2779 791 2844 quarn
810 2759 912 2824 felices
930 2756 1053 2823 effectur
1069 2778 1106 2822 ea
1125 2756 1267 2823 tribuna·

124 2910 127 2915 ·
165 2875 239 2939 lium
266 2874 439 2941 constitutio
465 2875 503 2938 ad
533 2872 712 2938 firmandum
732 2873 883 2938 societatis
899 2871 1034 2938 ordinem
1051 2870 1266 2937 habuerit-ex·

163 2989 294 3074 plicare,
310 2967 354 3056 'et
381 2999 463 3054 extra
482 2989 651 3053 institutum
663 2998 802 3070 nostrum
821 2987 959 3060 videtur,
987 2995 1017 3050 et
1037 2985 1099 3064 jam
1119 2986 1208 3051 toties
1223 2987 1266 3053 als

162 3105 375 3170 eruditioribus
399 3102 472 3169 viris
497 3102 613 3168 lact-nm
640 3114 700 3179 est,
734 3112 768 3168 nt
795 3102 912 3167 acervis
933 3101 1077 3165 librorum
1096 3100 1153 3167 hac
1174 3101 1213 3166 de
1231 3122 1267 3166 re

163 3220 398 3306 conscriptorum
414 3217 529 3303 aliquid
548 3218 676 3294 addere,
695 3219 885 3301 arrogantiae
902 3237 952 3281 me
964 3215 1175 3301 argueretss).
1192 3217 1267 3298 Qua

162 3346 281 3419 propter
308 3333 472 3420 aptioribus
498 3332 621 3399 calamis
647 3333 724 3399 illud
744 3333 965 3419 relinquemus,
992 3331 1064 3398 satis
1082 3330 1188 3399 tecleae
1206 3330 1265 3397 du·

164 3455 284 3522 centes,
303 3471 328 3512 sr
320 3448 410 3514 iata
430 3447 648 3514 constitutionis
669 3445 879 3512 monarchicae
897 3466 1079 3535 sequamur,
1095 3454 1144 3522 et,
1163 3464 1265 3530 quau·

161 3565 226 3623 tum
249 3559 312 3627 lieri
335 3572 450 3647 potest
475 3563 579 3648 paucis
600 3560 702 3630 verbis
724 3569 872 3626 notemus.

203 3673 301 3739 6.-
323 3675 391 3741 ill.-
401 3676 512 3740 Ultimo
536 3674 663 3760 denique
691 3674 758 3739 loco
784 3675 864 3740 inter
891 3696 1014 3762 corpora
1035 3640 1196 3755 interiecta
1212 3694 1267 3741 re·

160 3786 289 3872 quiritur
317 3811 460 3878 maguum
483 3786 585 3879 gentis
611 3786 786 3864 concilium,
821 3787 902 3876 quod
928 3789 1017 3855 totius
1037 3786 1166 3856 cirstuiis
1186 3786 1268 3855 vices

160 3900 316 3967 sustineat.
336 3903 562 3989 =Inquirenrlum
588 3904 699 3987 igitur,
728 3904 876 3989 quomode
903 3905 1027 3980 civitas,
1051 3924 1130 3990 quae
1157 3923 1269 3988 cerpus

160 4018 274 4081 morale
292 4026 356 4093 est,
379 4026 500 4082 externa
517 4018 604 4082 reddi
623 4017 687 4084 siv'e
707 4019 924 4102 repraesentari
942 4018 1045 4103 possit.

174 4161 179 4172 ·
203 4130 324 4196 Scilicet
349 4131 381 4198 in
409 4133 551 4198 societate
578 4132 660 4201 civili
687 4132 823 4198 homines
848 4152 1009 4220 corumque
1024 4131 1266 4212 bonaconinnc·

160 4239 214 4304 tim
243 4246 488 4322 considerantur,
521 4247 589 4311 ideo
618 4247 697 4333 quod
724 4247 756 4312 in
772 4245 895 4312 civitate
916 4248 1083 4315 necessario
1102 4249 1267 4317 relationes

183 4379 275 4449 (1)οη
293 4383 356 4433 inter
373 4382 432 4434 ulios
449 4397 540 4433 mern
556 4401 599 4451 cp.
610 4387 631 4438 l.
647 4384 692 4441 lile,
708 4383 741 4434 11.
758 4398 785 4439 c,
801 4383 830 4433 22
847 4400 875 4450 p.
890 4379 1016 4449 tuesqq..
1038 4434 1041 4439 ,
